{"bids": [[10808.2, 1.3754], [10807.7, 1.0], [10807.23, 0.07325912], [10807.22, 2.0], [10805.44, 0.11803397], [10805.43, 2.0], [10805.21, 2.0], [10805.2, 0.19429369], [10805.14, 0.646], [10804.48, 1.0]], "asks": [[10814.38, 0.04623474], [10819.29, 1.3706], [10819.78, 0.19098299], [10820.01, 1.0], [10821.95, 1.0], [10824.9, 1.0], [10827.25, 1.0], [10827.6, 0.5], [10829.04, 0.05], [10829.47, 5.8255]], "ts": 1564807474826}
{"bids": [[10808.2, 1.3754], [10807.7, 1.0], [10807.23, 0.07325912], [10807.22, 2.0], [10805.44, 0.11803397], [10805.43, 2.0], [10805.21, 2.0], [10805.2, 0.19429369], [10805.14, 0.646], [10804.48, 1.0]], "asks": [[10814.38, 0.04623474], [10819.29, 1.3706], [10819.78, 0.19098299], [10820.01, 1.0], [10821.95, 1.0], [10824.9, 1.0], [10827.25, 1.0], [10827.6, 0.5], [10829.04, 0.05], [10829.47, 5.8255]], "ts": 1564807474828}
{"bids": [[10808.2, 1.3754], [10807.7, 1.0], [10807.23, 0.07325912], [10807.22, 2.0], [10805.44, 0.11803397], [10805.43, 2.0], [10805.21, 2.0], [10805.2, 0.19429369], [10805.14, 0.646], [10804.48, 1.0]], "asks": [[10814.38, 0.04623474], [10819.29, 1.3706], [10819.78, 0.19098299], [10820.01, 1.0], [10821.95, 1.0], [10824.9, 1.0], [10827.25, 1.0], [10827.6, 0.5], [10829.04, 0.05], [10829.47, 5.8255]], "ts": 1564807474832}
{"bids": [[10808.2, 1.3754], [10807.7, 1.0], [10807.23, 0.07325912], [10807.22, 2.0], [10805.44, 0.11803397], [10805.43, 2.0], [10805.21, 2.0], [10805.2, 0.19429369], [10805.14, 0.646], [10804.48, 1.0]], "asks": [[10814.37, 2.0], [10814.38, 0.04623474], [10819.29, 1.3706], [10819.78, 0.19098299], [10820.01, 1.0], [10821.95, 1.0], [10824.9, 1.0], [10827.25, 1.0], [10827.6, 0.5], [10829.04, 0.05]], "ts": 1564807474833}
{"bids": [[10807.7, 1.0], [10807.23, 0.07325912], [10807.22, 2.0], [10805.44, 0.11803397], [10805.43, 2.0], [10805.21, 2.0], [10805.2, 0.19429369], [10805.14, 0.646], [10804.48, 1.0]], "asks": [[10814.37, 2.0], [10814.38, 0.04623474], [10819.29, 1.3706], [10819.78, 0.19098299], [10820.01, 1.0], [10821.95, 1.0], [10824.9, 1.0], [10827.25, 1.0], [10827.6, 0.5], [10829.04, 0.05]], "ts": 1564807474833}
{"bids": [[10807.7, 1.0], [10807.23, 0.07325912], [10807.22, 2.0], [10805.44, 0.11803397], [10805.43, 2.0], [10805.21, 2.0], [10805.2, 0.19429369], [10805.14, 0.646], [10804.48, 1.0]], "asks": [[10814.36, 0.07325678], [10814.37, 2.0], [10814.38, 0.04623474], [10819.29, 1.3706], [10819.78, 0.19098299], [10820.01, 1.0], [10821.95, 1.0], [10824.9, 1.0], [10827.25, 1.0], [10827.6, 0.5]], "ts": 1564807474834}
{"bids": [[10807.7, 1.0], [10807.22, 2.0], [10805.44, 0.11803397], [10805.43, 2.0], [10805.21, 2.0], [10805.2, 0.19429369], [10805.14, 0.646], [10804.48, 1.0]], "asks": [[10814.36, 0.07325678], [10814.37, 2.0], [10814.38, 0.04623474], [10819.29, 1.3706], [10819.78, 0.19098299], [10820.01, 1.0], [10821.95, 1.0], [10824.9, 1.0], [10827.25, 1.0], [10827.6, 0.5]], "ts": 1564807474835}
{"bids": [[10807.7, 1.0], [10807.23, 0.07325678], [10807.22, 2.0], [10805.44, 0.11803397], [10805.43, 2.0], [10805.21, 2.0], [10805.2, 0.19429369], [10805.14, 0.646], [10804.48, 1.0]], "asks": [[10814.36, 0.07325678], [10814.37, 2.0], [10814.38, 0.04623474], [10819.29, 1.3706], [10819.78, 0.19098299], [10820.01, 1.0], [10821.95, 1.0], [10824.9, 1.0], [10827.25, 1.0], [10827.6, 0.5]], "ts": 1564807474836}
{"bids": [[10807.7, 1.0], [10807.22, 2.0], [10805.44, 0.11803397], [10805.43, 2.0], [10805.21, 2.0], [10805.2, 0.19429369], [10805.14, 0.646], [10804.48, 1.0]], "asks": [[10814.36, 0.07325678], [10814.37, 2.0], [10814.38, 0.04623474], [10819.29, 1.3706], [10819.78, 0.19098299], [10820.01, 1.0], [10821.95, 1.0], [10824.9, 1.0], [10827.25, 1.0], [10827.6, 0.5]], "ts": 1564807474837}
{"bids": [[10807.7, 2.3696], [10807.22, 2.0], [10805.44, 0.11803397], [10805.43, 2.0], [10805.21, 2.0], [10805.2, 0.19429369], [10805.14, 0.646], [10804.48, 1.0]], "asks": [[10814.36, 0.07325678], [10814.37, 2.0], [10814.38, 0.04623474], [10819.29, 1.3706], [10819.78, 0.19098299], [10820.01, 1.0], [10821.95, 1.0], [10824.9, 1.0], [10827.25, 1.0], [10827.6, 0.5]], "ts": 1564807474837}
{"bids": [[10807.7, 2.3696], [10807.22, 2.0], [10805.44, 0.11803397], [10805.43, 2.0], [10805.21, 2.0], [10805.2, 0.19429369], [10805.14, 0.646], [10804.48, 1.0]], "asks": [[10814.36, 0.07325678], [10814.37, 2.0], [10814.38, 0.04623474], [10819.29, 1.3706], [10819.78, 0.19098299], [10820.01, 1.0], [10821.95, 1.0], [10824.9, 1.0], [10827.25, 1.0], [10827.6, 0.5]], "ts": 1564807474838}
{"bids": [[10807.7, 2.3696], [10807.23, 0.07325851], [10807.22, 2.0], [10805.44, 0.11803397], [10805.43, 2.0], [10805.21, 2.0], [10805.2, 0.19429369], [10805.14, 0.646], [10804.48, 1.0]], "asks": [[10814.36, 0.07325678], [10814.37, 2.0], [10814.38, 0.04623474], [10819.29, 1.3706], [10819.78, 0.19098299], [10820.01, 1.0], [10821.95, 1.0], [10824.9, 1.0], [10827.25, 1.0], [10827.6, 0.5]], "ts": 1564807474838}
{"bids": [[10807.7, 2.3696], [10807.22, 2.0], [10805.44, 0.11803397], [10805.43, 2.0], [10805.21, 2.0], [10805.2, 0.19429369], [10805.14, 0.646], [10804.48, 1.0]], "asks": [[10814.36, 0.07325678], [10814.37, 2.0], [10814.38, 0.04623474], [10819.29, 1.3706], [10819.78, 0.19098299], [10820.01, 1.0], [10821.95, 1.0], [10824.9, 1.0], [10827.25, 1.0], [10827.6, 0.5]], "ts": 1564807474839}
{"bids": [[10807.7, 2.3696], [10807.22, 2.0], [10805.44, 0.11803397], [10805.43, 2.0], [10805.21, 2.0], [10805.2, 0.19429369], [10805.14, 0.646], [10804.48, 1.0], [10792.52, 5.0]], "asks": [[10814.36, 0.07325678], [10814.37, 2.0], [10814.38, 0.04623474], [10819.29, 1.3706], [10819.78, 0.19098299], [10820.01, 1.0], [10821.95, 1.0], [10824.9, 1.0], [10827.25, 1.0], [10827.6, 0.5]], "ts": 1564807474840}
{"bids": [[10807.7, 2.3696], [10807.23, 0.07325851], [10807.22, 2.0], [10805.44, 0.11803397], [10805.43, 2.0], [10805.21, 2.0], [10805.2, 0.19429369], [10805.14, 0.646], [10804.48, 1.0], [10792.52, 5.0]], "asks": [[10814.36, 0.07325678], [10814.37, 2.0], [10814.38, 0.04623474], [10819.29, 1.3706], [10819.78, 0.19098299], [10820.01, 1.0], [10821.95, 1.0], [10824.9, 1.0], [10827.25, 1.0], [10827.6, 0.5]], "ts": 1564807474840}
{"bids": [[10807.7, 2.3696], [10807.22, 2.0], [10805.44, 0.11803397], [10805.43, 2.0], [10805.21, 2.0], [10805.2, 0.19429369], [10805.14, 0.646], [10804.48, 1.0], [10792.52, 5.0]], "asks": [[10814.36, 0.07325678], [10814.37, 2.0], [10814.38, 0.04623474], [10819.29, 1.3706], [10819.78, 0.19098299], [10820.01, 1.0], [10821.95, 1.0], [10824.9, 1.0], [10827.25, 1.0], [10827.6, 0.5]], "ts": 1564807474841}
{"bids": [[10807.7, 1.0], [10807.22, 2.0], [10805.44, 0.11803397], [10805.43, 2.0], [10805.21, 2.0], [10805.2, 0.19429369], [10805.14, 0.646], [10804.48, 1.0], [10792.52, 5.0]], "asks": [[10814.36, 0.07325678], [10814.37, 2.0], [10814.38, 0.04623474], [10819.29, 1.3706], [10819.78, 0.19098299], [10820.01, 1.0], [10821.95, 1.0], [10824.9, 1.0], [10827.25, 1.0], [10827.6, 0.5]], "ts": 1564807474841}
{"bids": [[10807.7, 1.0], [10807.23, 0.07325851], [10807.22, 2.0], [10805.44, 0.11803397], [10805.43, 2.0], [10805.21, 2.0], [10805.2, 0.19429369], [10805.14, 0.646], [10804.48, 1.0], [10792.52, 5.0]], "asks": [[10814.36, 0.07325678], [10814.37, 2.0], [10814.38, 0.04623474], [10819.29, 1.3706], [10819.78, 0.19098299], [10820.01, 1.0], [10821.95, 1.0], [10824.9, 1.0], [10827.25, 1.0], [10827.6, 0.5]], "ts": 1564807474842}
{"bids": [[10807.7, 1.0], [10807.22, 2.0], [10805.44, 0.11803397], [10805.43, 2.0], [10805.21, 2.0], [10805.2, 0.19429369], [10805.14, 0.646], [10804.48, 1.0], [10792.52, 5.0]], "asks": [[10814.36, 0.07325678], [10814.37, 2.0], [10814.38, 0.04623474], [10819.29, 1.3706], [10819.78, 0.19098299], [10820.01, 1.0], [10821.95, 1.0], [10824.9, 1.0], [10827.25, 1.0], [10827.6, 0.5]], "ts": 1564807474843}
{"bids": [[10807.85, 0.216], [10807.7, 1.0], [10807.22, 2.0], [10805.44, 0.11803397], [10805.43, 2.0], [10805.21, 2.0], [10805.2, 0.19429369], [10805.14, 0.646], [10804.48, 1.0], [10792.52, 5.0]], "asks": [[10814.36, 0.07325678], [10814.37, 2.0], [10814.38, 0.04623474], [10819.29, 1.3706], [10819.78, 0.19098299], [10820.01, 1.0], [10821.95, 1.0], [10824.9, 1.0], [10827.25, 1.0], [10827.6, 0.5]], "ts": 1564807474844}
{"bids": [[10807.85, 0.216], [10807.7, 1.0], [10807.23, 0.07325851], [10807.22, 2.0], [10805.44, 0.11803397], [10805.43, 2.0], [10805.21, 2.0], [10805.2, 0.19429369], [10805.14, 0.646], [10804.48, 1.0]], "asks": [[10814.36, 0.07325678], [10814.37, 2.0], [10814.38, 0.04623474], [10819.29, 1.3706], [10819.78, 0.19098299], [10820.01, 1.0], [10821.95, 1.0], [10824.9, 1.0], [10827.25, 1.0], [10827.6, 0.5]], "ts": 1564807474844}
{"bids": [[10807.85, 0.216], [10807.7, 1.0], [10807.23, 0.07325851], [10807.22, 2.0], [10805.44, 0.11803397], [10805.43, 2.0], [10805.21, 2.0], [10805.2, 0.19429369], [10805.14, 0.646], [10804.48, 1.0]], "asks": [[10814.36, 0.07325678], [10814.37, 2.0], [10814.38, 0.04623474], [10819.29, 1.3706], [10819.78, 0.19098299], [10820.01, 1.0], [10821.95, 1.0], [10824.9, 1.0], [10827.25, 1.0], [10827.6, 0.5]], "ts": 1564807474845}
{"bids": [[10807.85, 0.216], [10807.7, 1.0], [10807.23, 0.07325851], [10807.22, 2.0], [10805.44, 0.11803397], [10805.43, 2.0], [10805.21, 2.0], [10805.2, 0.19429369], [10805.14, 0.646], [10804.48, 1.0]], "asks": [[10814.36, 0.07325678], [10814.37, 2.0], [10814.38, 0.04623474], [10819.29, 1.3706], [10819.78, 0.19098299], [10820.01, 1.0], [10821.95, 1.0], [10824.9, 1.0], [10827.25, 1.0], [10827.6, 0.5]], "ts": 1564807474846}
{"bids": [[10807.85, 0.216], [10807.7, 2.3836], [10807.23, 0.07325851], [10807.22, 2.0], [10805.44, 0.11803397], [10805.43, 2.0], [10805.21, 2.0], [10805.2, 0.19429369], [10805.14, 0.646], [10804.48, 1.0]], "asks": [[10814.36, 0.07325678], [10814.37, 2.0], [10814.38, 0.04623474], [10819.29, 1.3706], [10819.78, 0.19098299], [10820.01, 1.0], [10821.95, 1.0], [10824.9, 1.0], [10827.25, 1.0], [10827.6, 0.5]], "ts": 1564807474847}
{"bids": [[10807.85, 0.216], [10807.7, 2.3836], [10807.23, 0.07325851], [10807.22, 2.0], [10805.44, 0.11803397], [10805.43, 2.0], [10805.21, 2.0], [10805.2, 0.19429369], [10805.14, 0.646], [10804.48, 1.0]], "asks": [[10814.36, 0.07325678], [10814.38, 0.04623474], [10819.29, 1.3706], [10819.78, 0.19098299], [10820.01, 1.0], [10821.95, 1.0], [10824.9, 1.0], [10827.25, 1.0], [10827.6, 0.5]], "ts": 1564807474847}
{"bids": [[10807.85, 0.216], [10807.7, 2.3836], [10807.23, 0.07325851], [10807.22, 2.0], [10805.44, 0.11803397], [10805.43, 2.0], [10805.21, 2.0], [10805.2, 0.19429369], [10805.14, 0.646], [10804.48, 1.0]], "asks": [[10814.38, 0.04623474], [10819.29, 1.3706], [10819.78, 0.19098299], [10820.01, 1.0], [10821.95, 1.0], [10824.9, 1.0], [10827.25, 1.0], [10827.6, 0.5]], "ts": 1564807474848}
{"bids": [[10807.85, 0.216], [10807.7, 2.3836], [10807.23, 0.07325851], [10807.22, 2.0], [10805.44, 0.11803397], [10805.43, 2.0], [10805.21, 2.0], [10805.2, 0.19429369], [10805.14, 0.646], [10804.48, 1.0]], "asks": [[10814.38, 0.04623474], [10819.29, 1.3706], [10819.78, 0.19098299], [10820.01, 1.0], [10821.95, 1.0], [10824.9, 1.0], [10827.25, 1.0], [10827.6, 0.5], [10850.0, 2.10018434]], "ts": 1564807474849}
{"bids": [[10807.85, 0.216], [10807.7, 2.3836], [10807.23, 0.07325851], [10807.22, 2.0], [10805.44, 0.11803397], [10805.43, 2.0], [10805.21, 2.0], [10805.2, 0.19429369], [10805.14, 0.646], [10804.48, 1.0]], "asks": [[10814.38, 0.04623474], [10819.78, 0.19098299], [10820.01, 1.0], [10821.95, 1.0], [10824.9, 1.0], [10827.25, 1.0], [10827.6, 0.5], [10850.0, 2.10018434]], "ts": 1564807474849}
{"bids": [[10807.85, 0.216], [10807.7, 2.3836], [10807.23, 0.07325851], [10807.22, 2.0], [10805.44, 0.11803397], [10805.43, 2.0], [10805.21, 2.0], [10805.2, 0.19429369], [10805.14, 0.646], [10804.48, 1.0]], "asks": [[10814.38, 0.04623474], [10819.78, 0.19098299], [10820.01, 1.0], [10821.95, 1.0], [10827.25, 1.0], [10827.6, 0.5], [10850.0, 2.10018434]], "ts": 1564807474850}
{"bids": [[10807.85, 0.216], [10807.7, 1.0], [10807.23, 0.07325851], [10807.22, 2.0], [10805.44, 0.11803397], [10805.43, 2.0], [10805.21, 2.0], [10805.2, 0.19429369], [10805.14, 0.646], [10804.48, 1.0]], "asks": [[10814.38, 0.04623474], [10819.78, 0.19098299], [10820.01, 1.0], [10821.95, 1.0], [10827.25, 1.0], [10827.6, 0.5], [10850.0, 2.10018434]], "ts": 1564807474850}
{"bids": [[10808.2, 1.3692], [10807.85, 0.216], [10807.7, 1.0], [10807.23, 0.07325851], [10807.22, 2.0], [10805.44, 0.11803397], [10805.43, 2.0], [10805.21, 2.0], [10805.2, 0.19429369], [10805.14, 0.646]], "asks": [[10814.38, 0.04623474], [10819.78, 0.19098299], [10820.01, 1.0], [10821.95, 1.0], [10827.25, 1.0], [10827.6, 0.5], [10850.0, 2.10018434]], "ts": 1564807474851}
{"bids": [[10808.2, 1.3692], [10807.85, 0.216], [10807.7, 1.0], [10807.23, 0.07325851], [10807.22, 2.0], [10805.44, 0.11803397], [10805.43, 2.0], [10805.21, 2.0], [10805.2, 0.19429369], [10805.14, 0.646]], "asks": [[10814.38, 0.04623474], [10818.79, 1.3827], [10819.78, 0.19098299], [10820.01, 1.0], [10821.95, 1.0], [10827.25, 1.0], [10827.6, 0.5], [10850.0, 2.10018434]], "ts": 1564807474851}
{"bids": [[10808.2, 1.3692], [10807.7, 1.0], [10807.23, 0.07325851], [10807.22, 2.0], [10805.44, 0.11803397], [10805.43, 2.0], [10805.21, 2.0], [10805.2, 0.19429369], [10805.14, 0.646]], "asks": [[10814.38, 0.04623474], [10818.79, 1.3827], [10819.78, 0.19098299], [10820.01, 1.0], [10821.95, 1.0], [10827.25, 1.0], [10827.6, 0.5], [10850.0, 2.10018434]], "ts": 1564807474852}
{"bids": [[10808.32, 0.158], [10808.2, 1.3692], [10807.7, 1.0], [10807.23, 0.07325851], [10807.22, 2.0], [10805.44, 0.11803397], [10805.43, 2.0], [10805.21, 2.0], [10805.2, 0.19429369], [10805.14, 0.646]], "asks": [[10814.38, 0.04623474], [10818.79, 1.3827], [10819.78, 0.19098299], [10820.01, 1.0], [10821.95, 1.0], [10827.25, 1.0], [10827.6, 0.5], [10850.0, 2.10018434]], "ts": 1564807474852}
{"bids": [[10808.32, 0.158], [10808.2, 1.3692], [10807.7, 1.0], [10807.23, 0.07325851], [10807.22, 2.0], [10805.44, 0.11803397], [10805.43, 2.0], [10805.21, 2.0], [10805.2, 0.19429369], [10805.14, 0.646]], "asks": [[10814.38, 0.04623474], [10818.79, 1.3827], [10819.78, 0.19098299], [10820.01, 1.0], [10827.25, 1.0], [10827.6, 0.5], [10850.0, 2.10018434]], "ts": 1564807474853}
{"bids": [[10808.32, 0.158], [10808.2, 1.3692], [10807.7, 1.0], [10807.23, 0.07325851], [10807.22, 2.0], [10805.44, 0.11803397], [10805.43, 2.0], [10805.21, 2.0], [10805.2, 0.19429369], [10805.14, 0.646]], "asks": [[10814.38, 0.04623474], [10818.79, 1.3827], [10819.78, 0.19098299], [10827.25, 1.0], [10827.6, 0.5], [10850.0, 2.10018434]], "ts": 1564807474853}
{"bids": [[10808.32, 0.158], [10808.2, 1.3692], [10807.7, 1.0], [10807.22, 2.0], [10805.44, 0.11803397], [10805.43, 2.0], [10805.21, 2.0], [10805.2, 0.19429369], [10805.14, 0.646]], "asks": [[10814.38, 0.04623474], [10818.79, 1.3827], [10819.78, 0.19098299], [10827.25, 1.0], [10827.6, 0.5], [10850.0, 2.10018434]], "ts": 1564807474855}
{"bids": [[10808.33, 20.3], [10808.32, 0.158], [10808.2, 1.3692], [10807.7, 1.0], [10807.22, 2.0], [10805.44, 0.11803397], [10805.43, 2.0], [10805.21, 2.0], [10805.2, 0.19429369], [10805.14, 0.646]], "asks": [[10814.38, 0.04623474], [10818.79, 1.3827], [10819.78, 0.19098299], [10827.25, 1.0], [10827.6, 0.5], [10850.0, 2.10018434]], "ts": 1564807474855}
{"bids": [[10808.33, 20.3], [10808.2, 1.3692], [10807.7, 1.0], [10807.22, 2.0], [10805.44, 0.11803397], [10805.43, 2.0], [10805.21, 2.0], [10805.2, 0.19429369], [10805.14, 0.646]], "asks": [[10814.38, 0.04623474], [10818.79, 1.3827], [10819.78, 0.19098299], [10827.25, 1.0], [10827.6, 0.5], [10850.0, 2.10018434]], "ts": 1564807474856}
{"bids": [[10808.4, 0.126], [10808.33, 20.3], [10808.2, 1.3692], [10807.7, 1.0], [10807.22, 2.0], [10805.44, 0.11803397], [10805.43, 2.0], [10805.21, 2.0], [10805.2, 0.19429369], [10805.14, 0.646]], "asks": [[10814.38, 0.04623474], [10818.79, 1.3827], [10819.78, 0.19098299], [10827.25, 1.0], [10827.6, 0.5], [10850.0, 2.10018434]], "ts": 1564807474856}
{"bids": [[10808.33, 20.3], [10808.2, 1.3692], [10807.7, 1.0], [10807.22, 2.0], [10805.44, 0.11803397], [10805.43, 2.0], [10805.21, 2.0], [10805.2, 0.19429369], [10805.14, 0.646]], "asks": [[10814.38, 0.04623474], [10818.79, 1.3827], [10819.78, 0.19098299], [10827.25, 1.0], [10827.6, 0.5], [10850.0, 2.10018434]], "ts": 1564807474857}
{"bids": [[10808.36, 0.204], [10808.33, 20.3], [10808.2, 1.3692], [10807.7, 1.0], [10807.22, 2.0], [10805.44, 0.11803397], [10805.43, 2.0], [10805.21, 2.0], [10805.2, 0.19429369], [10805.14, 0.646]], "asks": [[10814.38, 0.04623474], [10818.79, 1.3827], [10819.78, 0.19098299], [10827.25, 1.0], [10827.6, 0.5], [10850.0, 2.10018434]], "ts": 1564807474857}
{"bids": [[10808.33, 20.3], [10808.2, 1.3692], [10807.7, 1.0], [10807.22, 2.0], [10805.44, 0.11803397], [10805.43, 2.0], [10805.21, 2.0], [10805.2, 0.19429369], [10805.14, 0.646]], "asks": [[10814.38, 0.04623474], [10818.79, 1.3827], [10819.78, 0.19098299], [10827.25, 1.0], [10827.6, 0.5], [10850.0, 2.10018434]], "ts": 1564807474858}
{"bids": [[10808.33, 20.3], [10808.2, 1.3692], [10807.7, 1.0], [10807.22, 2.0], [10805.44, 0.11803397], [10805.43, 2.0], [10805.21, 2.0], [10805.2, 0.19429369], [10805.14, 0.646]], "asks": [[10814.38, 0.04623474], [10818.79, 1.3827], [10819.78, 0.19098299], [10827.6, 0.5], [10850.0, 2.10018434]], "ts": 1564807474858}
{"bids": [[10808.33, 20.3], [10807.7, 1.0], [10807.22, 2.0], [10805.44, 0.11803397], [10805.43, 2.0], [10805.21, 2.0], [10805.2, 0.19429369], [10805.14, 0.646]], "asks": [[10814.38, 0.04623474], [10818.79, 1.3827], [10819.78, 0.19098299], [10827.6, 0.5], [10850.0, 2.10018434]], "ts": 1564807474859}
{"bids": [[10808.7, 1.3864], [10808.33, 20.3], [10807.7, 1.0], [10807.22, 2.0], [10805.44, 0.11803397], [10805.43, 2.0], [10805.21, 2.0], [10805.2, 0.19429369], [10805.14, 0.646]], "asks": [[10814.38, 0.04623474], [10818.79, 1.3827], [10819.78, 0.19098299], [10827.6, 0.5], [10850.0, 2.10018434]], "ts": 1564807474859}
{"bids": [[10808.7, 1.3864], [10808.33, 20.3], [10807.7, 1.0], [10807.22, 2.0], [10805.44, 0.11803397], [10805.43, 2.0], [10805.21, 2.0], [10805.2, 0.19429369], [10805.14, 0.646]], "asks": [[10814.38, 0.04623474], [10818.79, 1.3827], [10819.78, 0.19098299], [10824.82, 1.0], [10827.6, 0.5], [10850.0, 2.10018434]], "ts": 1564807474860}
{"bids": [[10808.7, 1.3864], [10808.33, 20.3], [10807.7, 1.0], [10807.22, 2.0], [10805.44, 0.11803397], [10805.43, 2.0], [10805.21, 2.0], [10805.2, 0.19429369], [10805.14, 0.646]], "asks": [[10814.38, 0.04623474], [10818.79, 1.3827], [10819.78, 0.19098299], [10824.82, 1.0], [10827.6, 0.5], [10850.0, 2.16018434]], "ts": 1564807474860}
{"bids": [[10808.7, 1.3864], [10808.33, 20.3], [10807.7, 1.0], [10807.22, 2.0], [10805.44, 0.11803397], [10805.43, 2.0], [10805.21, 2.0], [10805.2, 0.19429369], [10805.14, 0.646]], "asks": [[10814.38, 0.04623474], [10818.79, 1.3827], [10819.78, 0.19098299], [10822.53, 1.0], [10824.82, 1.0], [10827.6, 0.5], [10850.0, 2.16018434]], "ts": 1564807474861}
{"bids": [[10808.7, 1.3864], [10808.33, 20.3], [10807.7, 1.0], [10807.22, 2.0], [10805.44, 0.11803397], [10805.43, 2.0], [10805.21, 2.0], [10805.2, 0.19429369], [10805.14, 0.646]], "asks": [[10814.38, 0.04623474], [10818.79, 1.3827], [10819.78, 0.19098299], [10822.53, 1.0], [10824.82, 1.0], [10827.21, 1.0], [10827.6, 0.5], [10850.0, 2.16018434]], "ts": 1564807474861}
{"bids": [[10808.7, 1.3864], [10808.33, 20.3], [10807.7, 1.0], [10807.22, 2.0], [10805.44, 0.11803397], [10805.43, 2.0], [10805.21, 2.0], [10805.2, 0.19429369], [10805.14, 0.646]], "asks": [[10814.38, 0.04623474], [10818.79, 1.3827], [10819.78, 0.19098299], [10822.53, 1.0], [10824.82, 1.0], [10827.21, 1.0], [10827.6, 0.5], [10850.0, 2.16018434]], "ts": 1564807474862}
{"bids": [[10808.7, 1.3864], [10808.33, 20.3], [10807.7, 1.0], [10807.22, 2.0], [10805.44, 0.11803397], [10805.43, 2.0], [10805.21, 2.0], [10805.2, 0.19429369], [10805.14, 0.646], [10192.05, 0.10053864]], "asks": [[10814.38, 0.04623474], [10818.79, 1.3827], [10819.78, 0.19098299], [10822.53, 1.0], [10824.82, 1.0], [10827.21, 1.0], [10827.6, 0.5], [10850.0, 2.16018434]], "ts": 1564807474862}
{"bids": [[10808.7, 1.3864], [10808.33, 20.3], [10807.7, 1.0], [10807.22, 2.0], [10805.44, 0.11803397], [10805.43, 2.0], [10805.21, 2.0], [10805.2, 0.19429369], [10805.14, 0.646], [10192.26, 0.05028813]], "asks": [[10814.38, 0.04623474], [10818.79, 1.3827], [10819.78, 0.19098299], [10822.53, 1.0], [10824.82, 1.0], [10827.21, 1.0], [10827.6, 0.5], [10850.0, 2.16018434]], "ts": 1564807474863}
{"bids": [[10808.7, 1.3864], [10808.33, 20.3], [10807.7, 1.0], [10807.22, 2.0], [10805.44, 0.11803397], [10805.43, 2.0], [10805.21, 2.0], [10805.2, 0.19429369], [10805.14, 0.646], [10192.26, 0.05028813]], "asks": [[10814.38, 0.04623474], [10818.79, 1.3827], [10819.78, 0.19098299], [10822.53, 1.0], [10824.82, 1.0], [10827.21, 1.0], [10827.6, 0.5], [10850.0, 2.16018434]], "ts": 1564807474863}
{"bids": [[10808.7, 1.3864], [10808.33, 20.3], [10807.7, 1.0], [10807.22, 2.0], [10805.44, 0.11803397], [10805.43, 2.0], [10805.21, 2.0], [10805.2, 0.19429369], [10805.14, 0.646], [10192.26, 0.05028813]], "asks": [[10814.38, 0.04623474], [10818.79, 1.3827], [10819.78, 0.19098299], [10822.53, 1.0], [10824.82, 1.0], [10827.21, 1.0], [10827.6, 0.5], [10850.0, 2.10018434]], "ts": 1564807474864}
{"bids": [[10808.71, 0.07324012], [10808.7, 1.3864], [10808.33, 20.3], [10807.7, 1.0], [10807.22, 2.0], [10805.44, 0.11803397], [10805.43, 2.0], [10805.21, 2.0], [10805.2, 0.19429369], [10805.14, 0.646]], "asks": [[10814.38, 0.04623474], [10818.79, 1.3827], [10819.78, 0.19098299], [10822.53, 1.0], [10824.82, 1.0], [10827.21, 1.0], [10827.6, 0.5], [10850.0, 2.10018434]], "ts": 1564807474864}
{"bids": [[10808.71, 0.07324012], [10808.7, 1.3864], [10808.33, 20.3], [10807.7, 1.0], [10807.22, 2.0], [10805.44, 0.11803397], [10805.43, 2.0], [10805.21, 2.0], [10805.2, 0.19429369], [10805.14, 0.646]], "asks": [[10814.38, 0.04623474], [10818.79, 1.3827], [10819.78, 0.19098299], [10822.53, 1.0], [10824.82, 1.0], [10827.21, 1.0], [10827.6, 0.5], [10850.0, 2.10018434]], "ts": 1564807474865}
{"bids": [[10808.71, 0.07324012], [10808.7, 1.3864], [10808.33, 20.3], [10807.7, 1.0], [10807.22, 2.0], [10805.44, 0.11803397], [10805.43, 2.0], [10805.21, 2.0], [10805.2, 0.19429369], [10805.14, 0.646]], "asks": [[10814.38, 0.04623474], [10818.79, 1.3827], [10819.78, 0.19098299], [10822.53, 1.0], [10824.82, 1.0], [10827.21, 1.0], [10827.6, 0.5], [10829.46, 1.0], [10850.0, 2.10018434]], "ts": 1564807474865}
{"bids": [[10808.71, 0.07324012], [10808.7, 1.3864], [10808.33, 20.3], [10807.7, 1.0], [10807.22, 2.0], [10805.44, 0.11803397], [10805.43, 2.0], [10805.21, 2.0], [10805.2, 0.19429369], [10805.14, 0.646]], "asks": [[10814.38, 0.04623474], [10818.79, 1.3827], [10819.78, 0.19098299], [10822.53, 1.0], [10824.82, 1.0], [10827.21, 1.0], [10827.6, 0.5], [10829.46, 1.0], [10850.0, 2.10018434]], "ts": 1564807474866}
{"bids": [[10808.71, 0.07324012], [10808.7, 1.3864], [10808.33, 20.3], [10807.7, 1.0], [10807.22, 2.0], [10805.44, 0.11803397], [10805.43, 2.0], [10805.21, 2.0], [10805.2, 0.19429369], [10805.14, 0.646]], "asks": [[10814.38, 0.04623474], [10818.79, 1.3827], [10819.78, 0.19098299], [10822.53, 1.0], [10824.82, 1.0], [10827.21, 1.0], [10827.6, 0.5], [10829.46, 1.0], [10850.0, 2.10018434]], "ts": 1564807474866}
{"bids": [[10808.71, 0.07324012], [10808.7, 1.3864], [10808.33, 20.3], [10807.7, 1.0], [10807.22, 2.0], [10805.44, 0.11803397], [10805.43, 2.0], [10805.21, 2.0], [10805.2, 0.19429369], [10805.14, 0.646]], "asks": [[10814.38, 0.04623474], [10818.79, 1.3827], [10819.78, 0.19098299], [10822.53, 1.0], [10824.82, 1.0], [10827.21, 1.0], [10827.6, 0.5], [10829.46, 1.0], [10850.0, 2.10018434]], "ts": 1564807474867}
{"bids": [[10808.71, 0.07324012], [10808.7, 1.3864], [10808.33, 20.3], [10807.7, 1.0], [10807.22, 2.0], [10805.44, 0.11803397], [10805.43, 2.0], [10805.21, 2.0], [10805.2, 0.19429369], [10805.14, 0.646]], "asks": [[10814.38, 0.04623474], [10818.79, 1.3827], [10819.78, 0.19098299], [10822.53, 1.0], [10824.82, 1.0], [10827.21, 1.0], [10827.6, 0.5], [10829.46, 1.0], [10850.0, 2.10018434]], "ts": 1564807474867}
{"bids": [[10808.71, 0.07324012], [10808.7, 1.3864], [10808.33, 20.3], [10807.7, 1.0], [10807.22, 2.0], [10805.44, 0.11803397], [10805.43, 2.0], [10805.21, 2.0], [10805.2, 0.19429369], [10805.14, 0.646]], "asks": [[10814.38, 0.04623474], [10818.75, 0.165], [10818.79, 1.3827], [10819.78, 0.19098299], [10822.53, 1.0], [10824.82, 1.0], [10827.21, 1.0], [10827.6, 0.5], [10829.46, 1.0], [10850.0, 2.10018434]], "ts": 1564807474868}
{"bids": [[10808.71, 0.07324012], [10808.7, 1.3864], [10808.33, 20.3], [10807.7, 1.0], [10807.22, 2.0], [10805.44, 0.11803397], [10805.43, 2.0], [10805.21, 2.0], [10805.2, 0.19429369], [10805.14, 0.646]], "asks": [[10814.38, 0.04623474], [10818.74, 0.07324012], [10818.75, 0.165], [10818.79, 1.3827], [10819.78, 0.19098299], [10822.53, 1.0], [10824.82, 1.0], [10827.21, 1.0], [10827.6, 0.5], [10829.46, 1.0]], "ts": 1564807474868}
{"bids": [[10808.71, 0.07324012], [10808.7, 1.3864], [10808.33, 20.3], [10807.7, 1.0], [10807.22, 2.0], [10805.44, 0.11803397], [10805.43, 2.0], [10805.21, 2.0], [10805.2, 0.19429369], [10805.14, 0.646]], "asks": [[10814.38, 0.04623474], [10818.74, 0.07324012], [10818.79, 1.3827], [10819.78, 0.19098299], [10822.53, 1.0], [10824.82, 1.0], [10827.21, 1.0], [10827.6, 0.5], [10829.46, 1.0]], "ts": 1564807474869}
{"bids": [[10808.71, 0.07324012], [10808.7, 1.3864], [10808.33, 20.3], [10807.7, 1.0], [10807.22, 2.0], [10805.44, 0.11803397], [10805.43, 2.0], [10805.21, 2.0], [10805.2, 0.19429369], [10805.14, 0.646]], "asks": [[10814.38, 0.04623474], [10818.74, 0.07324012], [10818.79, 1.3827], [10819.78, 0.19098299], [10822.53, 1.0], [10824.82, 1.0], [10827.21, 1.0], [10827.6, 0.5], [10829.46, 1.0]], "ts": 1564807474869}
{"bids": [[10808.71, 0.07324012], [10808.7, 1.3864], [10808.33, 20.3], [10807.7, 1.0], [10807.22, 2.0], [10805.44, 0.11803397], [10805.43, 2.0], [10805.21, 2.0], [10805.2, 0.19429369], [10805.14, 0.646]], "asks": [[10814.38, 0.04623474], [10818.74, 0.07324012], [10818.79, 1.3827], [10819.78, 0.19098299], [10822.53, 1.0], [10824.82, 1.0], [10827.21, 1.0], [10827.6, 0.5], [10829.46, 1.0]], "ts": 1564807474870}
{"bids": [[10808.71, 0.07324012], [10808.7, 1.3864], [10808.33, 20.3], [10807.7, 1.0], [10807.22, 2.0], [10805.44, 0.11803397], [10805.43, 2.0], [10805.21, 2.0], [10805.2, 0.19429369], [10805.14, 0.646]], "asks": [[10814.38, 0.04623474], [10818.74, 0.07324012], [10818.79, 1.3827], [10819.78, 0.19098299], [10822.53, 1.0], [10824.82, 1.0], [10827.21, 1.0], [10827.6, 0.5], [10829.46, 1.0]], "ts": 1564807474871}
{"bids": [[10808.71, 0.07324012], [10808.7, 1.3864], [10808.33, 20.3], [10807.7, 1.0], [10807.22, 2.0], [10805.44, 0.11803397], [10805.43, 2.0], [10805.21, 2.0], [10805.2, 0.19429369], [10805.14, 0.646]], "asks": [[10814.38, 0.04623474], [10818.79, 1.3827], [10819.78, 0.19098299], [10822.53, 1.0], [10824.82, 1.0], [10827.21, 1.0], [10827.6, 0.5], [10829.46, 1.0]], "ts": 1564807474871}
{"bids": [[10808.71, 0.07324012], [10808.7, 1.3864], [10808.33, 20.3], [10807.7, 1.0], [10807.22, 2.0], [10805.44, 0.11803397], [10805.43, 2.0], [10805.21, 2.0], [10805.2, 0.19429369], [10805.14, 0.646]], "asks": [[10814.38, 0.04623474], [10818.75, 0.203], [10818.79, 1.3827], [10819.78, 0.19098299], [10822.53, 1.0], [10824.82, 1.0], [10827.21, 1.0], [10827.6, 0.5], [10829.46, 1.0]], "ts": 1564807474872}
{"bids": [[10808.71, 0.07324012], [10808.7, 1.3864], [10808.33, 20.3], [10807.7, 1.0], [10807.22, 2.0], [10805.44, 0.11803397], [10805.43, 2.0], [10805.21, 2.0], [10805.2, 0.19429369], [10805.14, 0.646]], "asks": [[10814.38, 0.04623474], [10818.74, 0.07324012], [10818.75, 0.203], [10818.79, 1.3827], [10819.78, 0.19098299], [10822.53, 1.0], [10824.82, 1.0], [10827.21, 1.0], [10827.6, 0.5], [10829.46, 1.0]], "ts": 1564807474873}
{"bids": [[10808.71, 0.07324012], [10808.7, 1.3864], [10808.33, 20.3], [10807.7, 1.0], [10807.22, 2.0], [10805.44, 0.11803397], [10805.43, 2.0], [10805.21, 2.0], [10805.2, 0.19429369], [10805.14, 0.646]], "asks": [[10814.38, 0.04623474], [10818.74, 0.07324012], [10818.79, 1.3827], [10819.78, 0.19098299], [10822.53, 1.0], [10824.82, 1.0], [10827.21, 1.0], [10827.6, 0.5], [10829.46, 1.0]], "ts": 1564807474873}
{"bids": [[10808.71, 0.07324012], [10808.7, 1.3864], [10808.33, 20.3], [10807.7, 1.0], [10807.22, 2.0], [10805.44, 0.11803397], [10805.43, 2.0], [10805.21, 2.0], [10805.2, 0.19429369], [10805.14, 0.646]], "asks": [[10814.38, 0.04623474], [10818.74, 0.07324012], [10818.79, 1.3827], [10819.78, 0.19098299], [10822.53, 1.0], [10824.82, 1.0], [10827.21, 1.0], [10827.6, 0.5], [10829.46, 1.0]], "ts": 1564807474874}
{"bids": [[10808.71, 0.07324012], [10808.7, 1.3864], [10808.33, 20.3], [10807.7, 1.0], [10807.22, 2.0], [10805.44, 0.11803397], [10805.43, 2.0], [10805.21, 2.0], [10805.2, 0.19429369], [10805.14, 0.646]], "asks": [[10814.38, 0.04623474], [10818.74, 0.07324012], [10818.79, 1.3827], [10819.78, 0.19098299], [10822.53, 1.0], [10824.82, 1.0], [10827.21, 1.0], [10827.6, 0.5], [10829.46, 1.0]], "ts": 1564807474874}
{"bids": [[10808.71, 0.07324012], [10808.7, 1.3864], [10808.33, 20.3], [10807.7, 1.0], [10807.22, 2.0], [10805.44, 0.11803397], [10805.43, 2.0], [10805.21, 2.0], [10805.2, 0.19429369], [10805.14, 0.646]], "asks": [[10814.38, 0.04623474], [10818.74, 0.07324012], [10818.79, 1.3827], [10819.78, 0.19098299], [10822.53, 1.0], [10824.82, 1.0], [10827.21, 1.0], [10827.6, 0.5], [10829.46, 1.0]], "ts": 1564807474875}
{"bids": [[10808.71, 0.07324012], [10808.7, 1.3864], [10808.33, 20.3], [10807.7, 1.0], [10807.22, 2.0], [10805.44, 0.11803397], [10805.43, 2.0], [10805.21, 2.0], [10805.2, 0.19429369], [10805.14, 0.646]], "asks": [[10814.38, 0.04623474], [10818.74, 0.07324012], [10818.79, 1.3827], [10819.78, 0.19098299], [10822.53, 1.0], [10824.82, 1.0], [10827.21, 1.0], [10827.6, 0.5], [10829.46, 1.0]], "ts": 1564807474875}
{"bids": [[10808.71, 0.07324012], [10808.33, 20.3], [10807.7, 1.0], [10807.22, 2.0], [10805.44, 0.11803397], [10805.43, 2.0], [10805.21, 2.0], [10805.2, 0.19429369], [10805.14, 0.646]], "asks": [[10814.38, 0.04623474], [10818.74, 0.07324012], [10818.79, 1.3827], [10819.78, 0.19098299], [10822.53, 1.0], [10824.82, 1.0], [10827.21, 1.0], [10827.6, 0.5], [10829.46, 1.0]], "ts": 1564807474876}
{"bids": [[10808.71, 0.07324012], [10808.33, 20.3], [10807.7, 1.0], [10807.22, 2.0], [10805.44, 0.11803397], [10805.43, 2.0], [10805.21, 2.0], [10805.2, 0.19429369], [10805.14, 0.646], [10192.49, 0.05030843]], "asks": [[10814.38, 0.04623474], [10818.74, 0.07324012], [10818.79, 1.3827], [10819.78, 0.19098299], [10822.53, 1.0], [10824.82, 1.0], [10827.21, 1.0], [10827.6, 0.5], [10829.46, 1.0]], "ts": 1564807474876}
{"bids": [[10809.2, 1.3781], [10808.71, 0.07324012], [10808.33, 20.3], [10807.7, 1.0], [10807.22, 2.0], [10805.44, 0.11803397], [10805.43, 2.0], [10805.21, 2.0], [10805.2, 0.19429369], [10805.14, 0.646]], "asks": [[10814.38, 0.04623474], [10818.74, 0.07324012], [10818.79, 1.3827], [10819.78, 0.19098299], [10822.53, 1.0], [10824.82, 1.0], [10827.21, 1.0], [10827.6, 0.5], [10829.46, 1.0]], "ts": 1564807474877}
{"bids": [[10809.2, 1.3781], [10808.71, 0.07324012], [10808.33, 20.3], [10807.7, 1.0], [10807.22, 2.0], [10805.44, 0.11803397], [10805.43, 2.0], [10805.21, 2.0], [10805.2, 0.19429369], [10805.14, 0.646]], "asks": [[10814.38, 0.04623474], [10818.79, 1.3827], [10819.78, 0.19098299], [10822.53, 1.0], [10824.82, 1.0], [10827.21, 1.0], [10827.6, 0.5], [10829.46, 1.0]], "ts": 1564807474877}
{"bids": [[10809.35, 0.177], [10809.2, 1.3781], [10808.71, 0.07324012], [10808.33, 20.3], [10807.7, 1.0], [10807.22, 2.0], [10805.44, 0.11803397], [10805.43, 2.0], [10805.21, 2.0], [10805.2, 0.19429369]], "asks": [[10814.38, 0.04623474], [10818.79, 1.3827], [10819.78, 0.19098299], [10822.53, 1.0], [10824.82, 1.0], [10827.21, 1.0], [10827.6, 0.5], [10829.46, 1.0]], "ts": 1564807474878}
{"bids": [[10809.2, 1.3781], [10808.71, 0.07324012], [10808.33, 20.3], [10807.7, 1.0], [10807.22, 2.0], [10805.44, 0.11803397], [10805.43, 2.0], [10805.21, 2.0], [10805.2, 0.19429369]], "asks": [[10814.38, 0.04623474], [10818.79, 1.3827], [10819.78, 0.19098299], [10822.53, 1.0], [10824.82, 1.0], [10827.21, 1.0], [10827.6, 0.5], [10829.46, 1.0]], "ts": 1564807474878}
{"bids": [[10809.2, 1.3781], [10808.71, 0.07324012], [10808.33, 20.3], [10807.7, 1.0], [10807.22, 2.0], [10805.44, 0.11803397], [10805.43, 2.0], [10805.21, 2.0], [10805.2, 0.19429369], [10192.13, 0.050277]], "asks": [[10814.38, 0.04623474], [10818.79, 1.3827], [10819.78, 0.19098299], [10822.53, 1.0], [10824.82, 1.0], [10827.21, 1.0], [10827.6, 0.5], [10829.46, 1.0]], "ts": 1564807474879}
{"bids": [[10809.2, 1.3781], [10808.71, 0.07324012], [10808.33, 20.3], [10807.7, 1.0], [10807.22, 2.0], [10805.44, 0.11803397], [10805.43, 2.0], [10805.21, 2.0], [10805.2, 0.19429369], [10192.55, 0.10062696]], "asks": [[10814.38, 0.04623474], [10818.79, 1.3827], [10819.78, 0.19098299], [10822.53, 1.0], [10824.82, 1.0], [10827.21, 1.0], [10827.6, 0.5], [10829.46, 1.0]], "ts": 1564807474880}
{"bids": [[10809.2, 1.3781], [10808.71, 0.07324012], [10808.33, 20.3], [10807.7, 1.0], [10807.22, 2.0], [10805.44, 0.11803397], [10805.43, 2.0], [10805.21, 2.0], [10805.2, 0.19429369], [10192.55, 0.10062696]], "asks": [[10814.38, 0.04623474], [10818.79, 1.3827], [10819.78, 0.19098299], [10822.53, 1.0], [10824.82, 1.0], [10827.21, 1.0], [10827.6, 0.5], [10829.46, 1.0]], "ts": 1564807474881}
{"bids": [[10809.2, 1.3781], [10808.71, 0.07324012], [10808.33, 20.3], [10807.7, 1.0], [10807.22, 2.0], [10805.44, 0.11803397], [10805.43, 2.0], [10805.21, 2.0], [10805.2, 0.19429369], [10192.55, 0.10062696]], "asks": [[10814.38, 0.04623474], [10818.79, 1.3827], [10819.78, 0.19098299], [10822.53, 1.0], [10824.82, 1.0], [10827.21, 1.0], [10827.6, 0.5], [10829.46, 1.0]], "ts": 1564807474881}
{"bids": [[10809.2, 1.3781], [10808.71, 0.07324012], [10808.33, 20.3], [10807.7, 1.0], [10807.22, 2.0], [10805.44, 0.11803397], [10805.43, 2.0], [10805.21, 2.0], [10805.2, 0.19429369], [10192.55, 0.10062696]], "asks": [[10814.38, 0.04623474], [10818.79, 1.3827], [10819.78, 0.19098299], [10822.53, 1.0], [10824.82, 1.0], [10827.21, 1.0], [10827.6, 0.5], [10829.46, 1.0]], "ts": 1564807474882}
{"bids": [[10809.2, 1.3781], [10808.71, 0.07324012], [10808.33, 20.3], [10807.7, 1.0], [10807.22, 2.0], [10805.44, 0.11803397], [10805.43, 2.0], [10805.21, 2.0], [10805.2, 0.19429369], [10192.55, 0.10062696]], "asks": [[10814.38, 0.04623474], [10818.79, 1.3827], [10819.78, 0.19098299], [10822.53, 1.0], [10824.82, 1.0], [10827.21, 1.0], [10827.6, 0.5], [10829.46, 1.0]], "ts": 1564807474883}
{"bids": [[10809.2, 1.3781], [10808.71, 0.07324012], [10808.33, 20.3], [10807.7, 1.0], [10807.22, 2.0], [10805.44, 0.11803397], [10805.43, 2.0], [10805.21, 2.0], [10805.2, 0.19429369], [10192.55, 0.10062696]], "asks": [[10814.38, 0.04623474], [10818.79, 1.3827], [10819.78, 0.19098299], [10822.53, 1.0], [10824.82, 1.0], [10827.21, 1.0], [10827.6, 0.5], [10829.46, 1.0]], "ts": 1564807474883}
{"bids": [[10809.2, 1.3781], [10808.71, 0.07324012], [10808.33, 20.3], [10807.7, 1.0], [10807.22, 2.0], [10805.44, 0.11803397], [10805.43, 2.0], [10805.21, 2.0], [10805.2, 0.19429369], [10192.55, 0.10062696]], "asks": [[10814.38, 0.04623474], [10818.79, 1.3827], [10819.78, 0.19098299], [10822.53, 1.0], [10824.82, 1.0], [10827.21, 1.0], [10827.6, 0.5], [10829.46, 1.0]], "ts": 1564807474884}
{"bids": [[10809.2, 1.3781], [10808.71, 0.07324012], [10808.33, 20.3], [10807.7, 1.0], [10807.22, 2.0], [10805.44, 0.11803397], [10805.43, 2.0], [10805.21, 2.0], [10805.2, 0.19429369], [10192.55, 0.10062696]], "asks": [[10814.38, 0.04623474], [10818.79, 1.3827], [10819.78, 0.19098299], [10822.53, 1.0], [10824.82, 1.0], [10827.21, 1.0], [10827.6, 0.5], [10829.46, 1.0], [10890.0, 0.06]], "ts": 1564807474885}
{"bids": [[10809.2, 1.3781], [10808.71, 0.07324012], [10808.33, 20.3], [10807.7, 1.0], [10807.22, 2.0], [10805.44, 0.11803397], [10805.43, 2.0], [10805.21, 2.0], [10805.2, 0.19429369], [10192.55, 0.10062696]], "asks": [[10814.38, 0.04623474], [10818.79, 1.3827], [10819.78, 0.19098299], [10822.53, 1.0], [10824.82, 1.0], [10827.21, 1.0], [10827.6, 0.5], [10829.46, 1.0], [10890.0, 0.06]], "ts": 1564807474885}
{"bids": [[10809.2, 1.3781], [10808.71, 0.07324012], [10808.33, 20.3], [10807.7, 1.0], [10807.22, 2.0], [10805.44, 0.11803397], [10805.43, 2.0], [10805.21, 2.0], [10805.2, 0.19429369], [10192.55, 0.10062696]], "asks": [[10814.38, 0.04623474], [10818.79, 1.3827], [10819.78, 0.19098299], [10822.53, 1.0], [10824.82, 1.0], [10827.21, 1.0], [10827.6, 0.5], [10829.46, 1.0], [10890.0, 0.06]], "ts": 1564807474886}
{"bids": [[10809.2, 1.3781], [10808.71, 0.07324012], [10808.33, 20.3], [10807.7, 1.0], [10807.22, 2.0], [10805.44, 0.11803397], [10805.43, 2.0], [10805.21, 2.0], [10805.2, 0.19429369], [10192.55, 0.10062696]], "asks": [[10814.38, 0.04623474], [10818.79, 1.3827], [10819.78, 0.19098299], [10822.53, 1.0], [10824.82, 1.0], [10827.21, 1.0], [10827.6, 0.5], [10829.46, 1.0], [10890.0, 0.06]], "ts": 1564807474887}
{"bids": [[10809.2, 1.3781], [10808.71, 0.07324012], [10808.33, 20.3], [10807.7, 1.0], [10807.22, 2.0], [10805.44, 0.11803397], [10805.43, 2.0], [10805.21, 2.0], [10805.2, 0.19429369], [10192.55, 0.10062696]], "asks": [[10814.38, 0.04623474], [10818.79, 1.3827], [10819.78, 0.19098299], [10822.53, 1.0], [10824.82, 1.0], [10827.21, 1.0], [10827.6, 0.5], [10829.46, 1.0], [10890.0, 0.06]], "ts": 1564807474887}
{"bids": [[10809.2, 1.3781], [10808.71, 0.07324012], [10808.33, 20.3], [10807.7, 1.0], [10807.22, 2.0], [10805.44, 0.11803397], [10805.43, 2.0], [10805.21, 2.0], [10805.2, 0.19429369], [10192.55, 0.10062696]], "asks": [[10814.38, 0.04623474], [10818.79, 1.3827], [10819.78, 0.19098299], [10822.53, 1.0], [10824.82, 1.0], [10827.21, 1.0], [10827.6, 0.5], [10829.46, 1.0], [10890.0, 0.06]], "ts": 1564807474888}
{"bids": [[10809.2, 1.3781], [10808.71, 0.07324012], [10808.33, 20.3], [10807.7, 1.0], [10807.22, 2.0], [10805.44, 0.11803397], [10805.43, 2.0], [10805.21, 2.0], [10805.2, 0.19429369], [10512.1, 0.05060787]], "asks": [[10814.38, 0.04623474], [10818.79, 1.3827], [10819.78, 0.19098299], [10822.53, 1.0], [10824.82, 1.0], [10827.21, 1.0], [10827.6, 0.5], [10829.46, 1.0], [10890.0, 0.06]], "ts": 1564807474888}
{"bids": [[10809.2, 1.3781], [10808.71, 0.07324012], [10808.33, 20.3], [10807.7, 1.0], [10807.22, 2.0], [10805.44, 0.11803397], [10805.43, 2.0], [10805.21, 2.0], [10805.2, 0.19429369], [10512.1, 0.05060787]], "asks": [[10814.38, 0.04623474], [10818.79, 1.3827], [10819.78, 0.19098299], [10822.53, 1.0], [10824.82, 1.0], [10827.21, 1.0], [10827.6, 0.5], [10829.46, 1.0], [10890.0, 0.06]], "ts": 1564807474889}
{"bids": [[10809.2, 1.3781], [10808.71, 0.07324012], [10808.33, 20.3], [10807.7, 1.0], [10807.22, 2.0], [10805.44, 0.11803397], [10805.43, 2.0], [10805.21, 2.0], [10805.2, 0.19429369], [10512.1, 0.05060787]], "asks": [[10814.38, 0.04623474], [10818.79, 1.3827], [10819.78, 0.19098299], [10822.53, 1.0], [10824.82, 1.0], [10827.21, 1.0], [10827.6, 0.5], [10829.46, 1.0], [10890.0, 0.06]], "ts": 1564807474889}
{"bids": [[10809.2, 1.3781], [10808.71, 0.07324012], [10808.33, 20.3], [10807.7, 1.0], [10807.22, 2.0], [10805.44, 0.11803397], [10805.43, 2.0], [10805.21, 2.0], [10805.2, 0.19429369], [10512.1, 0.05060787]], "asks": [[10814.38, 0.04623474], [10818.79, 1.3827], [10819.78, 0.19098299], [10822.53, 1.0], [10824.82, 1.0], [10827.21, 1.0], [10827.6, 0.5], [10829.46, 1.0], [10890.0, 0.06]], "ts": 1564807474890}
{"bids": [[10809.2, 1.3781], [10808.71, 0.07324012], [10808.33, 20.3], [10807.7, 1.0], [10807.22, 2.0], [10805.44, 0.11803397], [10805.43, 2.0], [10805.21, 2.0], [10805.2, 0.19429369], [10512.1, 0.05060787]], "asks": [[10814.38, 0.04623474], [10818.79, 1.3827], [10819.78, 0.19098299], [10822.53, 1.0], [10824.82, 1.0], [10827.21, 1.0], [10827.6, 0.5], [10829.46, 1.0], [10890.0, 0.06]], "ts": 1564807474890}
{"bids": [[10809.2, 1.3781], [10808.71, 0.07324012], [10808.33, 20.3], [10807.7, 1.0], [10807.22, 2.0], [10805.44, 0.11803397], [10805.43, 2.0], [10805.21, 2.0], [10805.2, 0.19429369], [10512.1, 0.05060787]], "asks": [[10814.38, 0.04623474], [10818.79, 1.3827], [10819.78, 0.19098299], [10822.53, 1.0], [10824.82, 1.0], [10827.21, 1.0], [10827.6, 0.5], [10829.46, 1.0], [10890.0, 0.06]], "ts": 1564807474891}
{"bids": [[10809.2, 1.3781], [10808.71, 0.07324012], [10808.33, 20.3], [10807.7, 1.0], [10807.22, 2.0], [10805.44, 0.11803397], [10805.43, 2.0], [10805.21, 2.0], [10805.2, 0.19429369], [10512.1, 0.05060787]], "asks": [[10814.38, 0.04623474], [10819.78, 0.19098299], [10822.53, 1.0], [10824.82, 1.0], [10827.21, 1.0], [10827.6, 0.5], [10829.46, 1.0], [10890.0, 0.06]], "ts": 1564807474891}
{"bids": [[10809.2, 1.3781], [10808.71, 0.07324012], [10808.33, 20.3], [10807.7, 1.0], [10807.22, 2.0], [10805.44, 0.11803397], [10805.43, 2.0], [10805.21, 2.0], [10805.2, 0.19429369], [10804.26, 4.0]], "asks": [[10814.38, 0.04623474], [10819.78, 0.19098299], [10822.53, 1.0], [10824.82, 1.0], [10827.21, 1.0], [10827.6, 0.5], [10829.46, 1.0], [10890.0, 0.06]], "ts": 1564807474892}
{"bids": [[10809.2, 1.3781], [10808.71, 0.07324012], [10808.33, 20.3], [10807.7, 1.0], [10807.22, 2.0], [10805.44, 0.11803397], [10805.43, 2.0], [10805.21, 2.0], [10805.2, 0.19429369], [10804.26, 4.0]], "asks": [[10814.38, 0.04623474], [10819.78, 0.19098299], [10822.53, 1.0], [10824.82, 1.0], [10827.21, 1.0], [10827.6, 0.5], [10829.46, 1.0], [10890.0, 0.06]], "ts": 1564807474892}
{"bids": [[10809.29, 0.169], [10809.2, 1.3781], [10808.71, 0.07324012], [10808.33, 20.3], [10807.7, 1.0], [10807.22, 2.0], [10805.44, 0.11803397], [10805.43, 2.0], [10805.21, 2.0], [10805.2, 0.19429369]], "asks": [[10814.38, 0.04623474], [10819.78, 0.19098299], [10822.53, 1.0], [10824.82, 1.0], [10827.21, 1.0], [10827.6, 0.5], [10829.46, 1.0], [10890.0, 0.06]], "ts": 1564807474893}
{"bids": [[10809.29, 0.169], [10809.2, 1.3781], [10808.71, 0.07324012], [10808.33, 20.3], [10807.7, 1.0], [10807.22, 2.0], [10805.44, 0.11803397], [10805.43, 2.0], [10805.21, 2.0], [10805.2, 0.19429369]], "asks": [[10814.38, 0.04623474], [10819.78, 0.19098299], [10822.53, 1.0], [10824.82, 1.0], [10827.21, 1.0], [10827.6, 0.5], [10829.46, 1.0], [10890.0, 0.06]], "ts": 1564807474893}
{"bids": [[10809.2, 1.3781], [10808.71, 0.07324012], [10808.33, 20.3], [10807.7, 1.0], [10807.22, 2.0], [10805.44, 0.11803397], [10805.43, 2.0], [10805.21, 2.0], [10805.2, 0.19429369]], "asks": [[10814.38, 0.04623474], [10819.78, 0.19098299], [10822.53, 1.0], [10824.82, 1.0], [10827.21, 1.0], [10827.6, 0.5], [10829.46, 1.0], [10890.0, 0.06]], "ts": 1564807474894}
{"bids": [[10809.2, 1.3781], [10808.71, 0.07324012], [10808.33, 20.3], [10807.7, 1.0], [10807.22, 2.0], [10805.44, 0.11803397], [10805.43, 2.0], [10805.21, 2.0], [10805.2, 0.19429369]], "asks": [[10814.38, 0.04623474], [10819.78, 0.19098299], [10822.53, 1.0], [10827.21, 1.0], [10827.6, 0.5], [10829.46, 1.0], [10890.0, 0.06]], "ts": 1564807474894}
{"bids": [[10809.32, 0.126], [10809.2, 1.3781], [10808.71, 0.07324012], [10808.33, 20.3], [10807.7, 1.0], [10807.22, 2.0], [10805.44, 0.11803397], [10805.43, 2.0], [10805.21, 2.0], [10805.2, 0.19429369]], "asks": [[10814.38, 0.04623474], [10819.78, 0.19098299], [10822.53, 1.0], [10827.21, 1.0], [10827.6, 0.5], [10829.46, 1.0], [10890.0, 0.06]], "ts": 1564807474895}
{"bids": [[10809.2, 1.3781], [10808.71, 0.07324012], [10808.33, 20.3], [10807.7, 1.0], [10807.22, 2.0], [10805.44, 0.11803397], [10805.43, 2.0], [10805.21, 2.0], [10805.2, 0.19429369]], "asks": [[10814.38, 0.04623474], [10819.78, 0.19098299], [10822.53, 1.0], [10827.21, 1.0], [10827.6, 0.5], [10829.46, 1.0], [10890.0, 0.06]], "ts": 1564807474896}
{"bids": [[10809.2, 1.3781], [10808.71, 0.07324012], [10808.33, 20.3], [10807.7, 1.0], [10807.22, 2.0], [10805.44, 0.11803397], [10805.43, 2.0], [10805.21, 2.0], [10805.2, 0.19429369]], "asks": [[10814.38, 0.04623474], [10818.89, 1.3708], [10819.78, 0.19098299], [10822.53, 1.0], [10827.21, 1.0], [10827.6, 0.5], [10829.46, 1.0], [10890.0, 0.06]], "ts": 1564807474896}
{"bids": [[10809.2, 1.3781], [10808.71, 0.07324012], [10808.33, 20.3], [10807.7, 1.0], [10807.22, 2.0], [10805.44, 0.11803397], [10805.43, 2.0], [10805.21, 2.0], [10805.2, 0.19429369], [10192.22, 0.35199529]], "asks": [[10814.38, 0.04623474], [10818.89, 1.3708], [10819.78, 0.19098299], [10822.53, 1.0], [10827.21, 1.0], [10827.6, 0.5], [10829.46, 1.0], [10890.0, 0.06]], "ts": 1564807474897}
{"bids": [[10809.2, 1.3781], [10808.71, 0.07324012], [10808.33, 20.3], [10807.7, 1.0], [10807.22, 2.0], [10805.44, 0.11803397], [10805.43, 2.0], [10805.21, 2.0], [10805.2, 0.19429369], [10192.22, 0.35199529]], "asks": [[10814.38, 0.04623474], [10818.89, 1.3708], [10819.78, 0.19098299], [10822.53, 1.0], [10827.21, 1.0], [10827.6, 0.5], [10829.46, 1.0], [10890.0, 0.06]], "ts": 1564807474937}
{"bids": [[10809.2, 1.3781], [10808.71, 0.07324012], [10808.33, 20.3], [10807.7, 1.0], [10807.22, 2.0], [10805.44, 0.11803397], [10805.43, 2.0], [10805.21, 2.0], [10805.2, 0.19429369], [10192.47, 0.15092052]], "asks": [[10814.38, 0.04623474], [10818.89, 1.3708], [10819.78, 0.19098299], [10822.53, 1.0], [10827.21, 1.0], [10827.6, 0.5], [10829.46, 1.0], [10890.0, 0.06]], "ts": 1564807474938}
{"bids": [[10809.2, 1.3781], [10808.71, 0.07324012], [10808.33, 20.3], [10807.7, 1.0], [10807.22, 2.0], [10805.44, 0.11803397], [10805.43, 2.0], [10805.21, 2.0], [10805.2, 0.19429369], [10192.47, 0.15092052]], "asks": [[10814.38, 0.04623474], [10818.89, 1.3708], [10819.78, 0.19098299], [10822.53, 1.0], [10827.21, 1.0], [10827.6, 0.5], [10829.46, 1.0], [10890.0, 0.06]], "ts": 1564807474939}
{"bids": [[10809.2, 1.3781], [10808.71, 0.07324012], [10808.33, 20.3], [10807.7, 1.0], [10807.22, 2.0], [10805.44, 0.11803397], [10805.43, 2.0], [10805.21, 2.0], [10805.2, 0.19429369], [10192.47, 0.15092052]], "asks": [[10814.38, 0.04623474], [10818.89, 1.3708], [10819.78, 0.19098299], [10827.21, 1.0], [10827.6, 0.5], [10829.46, 1.0], [10890.0, 0.06]], "ts": 1564807474940}
{"bids": [[10809.2, 1.3781], [10808.71, 0.07324012], [10808.33, 20.3], [10807.7, 1.0], [10807.22, 2.0], [10805.44, 0.11803397], [10805.43, 2.0], [10805.21, 2.0], [10805.2, 0.19429369], [10192.47, 0.15092052]], "asks": [[10814.38, 0.04623474], [10818.89, 1.3708], [10819.78, 0.19098299], [10827.21, 1.0], [10827.6, 0.5], [10829.46, 1.0], [10890.0, 0.06]], "ts": 1564807474940}
{"bids": [[10809.2, 1.3781], [10808.71, 0.07324012], [10808.33, 20.3], [10807.7, 1.0], [10807.22, 2.0], [10805.44, 0.11803397], [10805.43, 2.0], [10805.21, 2.0], [10805.2, 0.19429369], [10192.47, 0.15092052]], "asks": [[10814.38, 0.04623474], [10818.89, 1.3708], [10819.78, 0.19098299], [10827.21, 1.0], [10827.6, 0.5], [10829.46, 1.0], [10890.0, 0.06]], "ts": 1564807474941}
{"bids": [[10809.2, 1.3781], [10808.71, 0.07324012], [10808.33, 20.3], [10807.7, 1.0], [10807.22, 2.0], [10805.44, 0.11803397], [10805.43, 2.0], [10805.21, 2.0], [10805.2, 0.19429369], [10192.47, 0.15092052]], "asks": [[10814.38, 0.04623474], [10818.89, 1.3708], [10819.78, 0.19098299], [10827.21, 1.0], [10827.6, 0.5], [10829.46, 1.0], [10890.0, 0.06]], "ts": 1564807474941}
{"bids": [[10809.2, 1.3781], [10808.71, 0.07324012], [10808.33, 20.3], [10807.7, 1.0], [10807.22, 2.0], [10805.44, 0.11803397], [10805.43, 2.0], [10805.21, 2.0], [10805.2, 0.19429369], [10192.47, 0.15092052]], "asks": [[10814.38, 0.04623474], [10818.89, 1.3708], [10819.78, 0.19098299], [10827.21, 1.0], [10827.6, 0.5], [10829.46, 1.0], [10890.0, 0.06]], "ts": 1564807474942}
{"bids": [[10809.2, 1.3781], [10808.71, 0.07324012], [10808.33, 20.3], [10807.7, 1.0], [10807.22, 2.0], [10805.44, 0.11803397], [10805.43, 2.0], [10805.21, 2.0], [10805.2, 0.19429369], [10192.47, 0.15092052]], "asks": [[10814.38, 0.04623474], [10818.89, 1.3708], [10819.78, 0.19098299], [10827.21, 1.0], [10827.6, 0.5], [10829.46, 1.0], [10890.0, 0.06]], "ts": 1564807474943}
{"bids": [[10809.2, 1.3781], [10808.71, 0.07324012], [10808.33, 20.3], [10807.7, 1.0], [10807.22, 2.0], [10805.44, 0.11803397], [10805.43, 2.0], [10805.21, 2.0], [10805.2, 0.19429369], [10192.47, 0.15092052]], "asks": [[10814.38, 0.04623474], [10818.89, 1.3708], [10819.78, 0.19098299], [10827.21, 1.0], [10827.6, 0.5], [10829.46, 1.0], [10890.0, 0.06]], "ts": 1564807474943}
{"bids": [[10809.2, 1.3781], [10808.71, 0.07324012], [10808.33, 20.3], [10807.7, 1.0], [10807.22, 2.0], [10805.44, 0.11803397], [10805.43, 2.0], [10805.21, 2.0], [10805.2, 0.19429369], [10192.47, 0.15092052]], "asks": [[10814.38, 0.04623474], [10818.89, 1.3708], [10819.78, 0.19098299], [10827.21, 1.0], [10827.6, 0.5], [10829.46, 1.0], [10890.0, 0.06]], "ts": 1564807474944}
{"bids": [[10809.2, 1.3781], [10808.71, 0.07324012], [10808.33, 20.3], [10807.7, 1.0], [10807.22, 2.0], [10805.44, 0.11803397], [10805.43, 2.0], [10805.21, 2.0], [10805.2, 0.19429369], [10192.47, 0.10061368]], "asks": [[10814.38, 0.04623474], [10818.89, 1.3708], [10819.78, 0.19098299], [10827.21, 1.0], [10827.6, 0.5], [10829.46, 1.0], [10890.0, 0.06]], "ts": 1564807474944}
{"bids": [[10809.2, 1.3781], [10808.71, 0.07324012], [10808.33, 20.3], [10807.7, 1.0], [10807.22, 2.0], [10805.44, 0.11803397], [10805.43, 2.0], [10805.21, 2.0], [10805.2, 0.19429369], [10192.47, 0.10061368]], "asks": [[10814.38, 0.04623474], [10818.89, 1.3708], [10819.78, 0.19098299], [10827.6, 0.5], [10829.46, 1.0], [10890.0, 0.06]], "ts": 1564807474945}
{"bids": [[10809.2, 1.3781], [10808.71, 0.07324012], [10808.33, 20.3], [10807.7, 1.0], [10807.22, 2.0], [10805.44, 0.11803397], [10805.43, 2.0], [10805.21, 2.0], [10805.2, 0.19429369], [10192.47, 0.10061368]], "asks": [[10814.38, 0.04623474], [10818.89, 1.3708], [10819.78, 0.19098299], [10827.6, 0.5], [10829.46, 1.0], [10890.0, 0.06]], "ts": 1564807474946}
{"bids": [[10809.2, 1.3781], [10808.71, 0.07324012], [10808.33, 20.3], [10807.7, 1.0], [10807.22, 2.0], [10805.44, 0.11803397], [10805.43, 2.0], [10805.21, 2.0], [10805.2, 0.19429369], [10192.47, 0.10061368]], "asks": [[10814.38, 0.04623474], [10818.89, 1.3708], [10819.78, 0.19098299], [10827.6, 0.5], [10829.46, 1.0], [10890.0, 0.06]], "ts": 1564807474947}
{"bids": [[10809.2, 1.3781], [10808.71, 0.07324012], [10808.33, 20.3], [10807.7, 1.0], [10807.22, 2.0], [10805.44, 0.11803397], [10805.43, 2.0], [10805.21, 2.0], [10805.2, 0.19429369], [10192.47, 0.10061368]], "asks": [[10814.38, 0.04623474], [10818.89, 1.3708], [10819.78, 0.19098299], [10827.6, 0.5], [10829.46, 1.0], [10890.0, 0.06]], "ts": 1564807474947}
{"bids": [[10809.2, 1.3781], [10808.71, 0.07324012], [10808.33, 20.3], [10807.7, 1.0], [10807.22, 2.0], [10805.44, 0.11803397], [10805.43, 2.0], [10805.21, 2.0], [10805.2, 0.19429369], [10192.47, 0.10061368]], "asks": [[10814.38, 0.04623474], [10818.89, 1.3708], [10819.78, 0.19098299], [10827.6, 0.5], [10829.46, 1.0], [10890.0, 0.06]], "ts": 1564807474948}
{"bids": [[10809.2, 1.3781], [10808.71, 0.07324012], [10808.33, 20.3], [10807.7, 1.0], [10807.22, 2.0], [10805.44, 0.11803397], [10805.43, 2.0], [10805.21, 2.0], [10805.2, 0.19429369], [10192.47, 0.10061368]], "asks": [[10814.38, 0.04623474], [10818.89, 1.3708], [10819.78, 0.19098299], [10827.6, 0.5], [10829.46, 1.0]], "ts": 1564807474949}
{"bids": [[10809.2, 1.3781], [10808.71, 0.07324012], [10808.33, 20.3], [10807.7, 1.0], [10807.22, 2.0], [10805.44, 0.11803397], [10805.43, 2.0], [10805.21, 2.0], [10805.2, 0.19429369], [10192.47, 0.10061368]], "asks": [[10814.38, 0.04623474], [10818.89, 1.3708], [10819.78, 0.19098299], [10827.6, 0.5], [10829.46, 1.0]], "ts": 1564807474949}
{"bids": [[10809.2, 1.3781], [10808.71, 0.07324012], [10808.33, 20.3], [10807.7, 1.0], [10807.22, 2.0], [10805.44, 0.11803397], [10805.43, 2.0], [10805.21, 2.0], [10805.2, 0.19429369], [10192.47, 0.10061368]], "asks": [[10814.38, 0.04623474], [10818.89, 1.3708], [10819.78, 0.19098299], [10827.6, 0.5], [10829.46, 1.0]], "ts": 1564807474950}
{"bids": [[10809.2, 1.3781], [10808.71, 0.07324012], [10808.33, 20.3], [10807.7, 1.0], [10807.22, 2.0], [10805.44, 0.11803397], [10805.43, 2.0], [10805.21, 2.0], [10805.2, 0.19429369], [10192.47, 0.10061368]], "asks": [[10814.38, 0.04623474], [10818.89, 1.3708], [10819.78, 0.19098299], [10827.6, 0.5], [10829.46, 1.0]], "ts": 1564807474951}
{"bids": [[10809.2, 1.3781], [10808.71, 0.07324012], [10808.33, 20.3], [10807.7, 1.0], [10807.22, 2.0], [10805.44, 0.11803397], [10805.43, 2.0], [10805.21, 2.0], [10805.2, 0.19429369], [10192.47, 0.10061368]], "asks": [[10814.38, 0.04623474], [10818.89, 1.3708], [10819.78, 0.19098299], [10827.6, 0.5], [10829.46, 1.0]], "ts": 1564807474952}
{"bids": [[10809.2, 1.3781], [10808.71, 0.07324012], [10808.33, 20.3], [10807.7, 1.0], [10807.22, 2.0], [10805.44, 0.11803397], [10805.43, 2.0], [10805.21, 2.0], [10805.2, 0.19429369], [10192.47, 0.10061368]], "asks": [[10814.38, 0.04623474], [10818.89, 1.3708], [10819.78, 0.19098299], [10824.47, 1.0], [10827.6, 0.5], [10829.46, 1.0]], "ts": 1564807474953}
{"bids": [[10809.2, 1.3781], [10808.71, 0.07324012], [10808.33, 20.3], [10807.7, 1.0], [10807.22, 2.0], [10805.44, 0.11803397], [10805.43, 2.0], [10805.21, 2.0], [10805.2, 0.19429369], [10192.47, 0.10061368]], "asks": [[10814.38, 0.04623474], [10818.89, 1.3708], [10819.78, 0.19098299], [10824.47, 1.0], [10827.6, 0.5], [10829.46, 1.0]], "ts": 1564807474953}
{"bids": [[10809.2, 1.3781], [10808.71, 0.07324012], [10808.33, 20.3], [10807.7, 1.0], [10807.22, 2.0], [10805.44, 0.11803397], [10805.43, 2.0], [10805.21, 2.0], [10805.2, 0.19429369], [10192.47, 0.10061368]], "asks": [[10814.38, 0.04623474], [10818.89, 1.3708], [10819.78, 0.19098299], [10824.47, 1.0], [10827.6, 0.5], [10829.46, 1.0]], "ts": 1564807474954}
{"bids": [[10809.2, 1.3781], [10808.71, 0.07324012], [10808.33, 20.3], [10807.7, 1.0], [10807.22, 2.0], [10805.44, 0.11803397], [10805.43, 2.0], [10805.21, 2.0], [10805.2, 0.19429369], [10192.47, 0.10061368]], "asks": [[10814.38, 0.04623474], [10818.89, 1.3708], [10819.78, 0.19098299], [10824.47, 1.0], [10827.6, 0.5], [10829.46, 1.0]], "ts": 1564807474954}
{"bids": [[10809.2, 1.3781], [10808.71, 0.07324012], [10808.33, 20.3], [10807.7, 1.0], [10807.22, 2.0], [10805.44, 0.11803397], [10805.43, 2.0], [10805.21, 2.0], [10805.2, 0.19429369], [10192.47, 0.10061368]], "asks": [[10814.38, 0.04623474], [10818.89, 1.3708], [10819.78, 0.19098299], [10824.47, 1.0], [10827.6, 0.5], [10829.46, 1.0]], "ts": 1564807474955}
{"bids": [[10809.2, 1.3781], [10808.71, 0.07324012], [10808.33, 20.3], [10807.7, 1.0], [10807.22, 2.0], [10805.44, 0.11803397], [10805.43, 2.0], [10805.21, 2.0], [10805.2, 0.19429369], [10192.47, 0.10061368]], "asks": [[10814.38, 0.04623474], [10818.89, 1.3708], [10824.47, 1.0], [10827.6, 0.5], [10829.46, 1.0]], "ts": 1564807474955}
{"bids": [[10809.2, 1.3781], [10808.71, 0.07324012], [10808.33, 20.3], [10807.7, 1.0], [10807.22, 2.0], [10805.44, 0.11803397], [10805.43, 2.0], [10805.21, 2.0], [10805.2, 0.19429369], [10192.47, 0.10061368]], "asks": [[10814.38, 0.04623474], [10818.89, 1.3708], [10824.47, 1.0], [10827.6, 0.5], [10829.46, 1.0]], "ts": 1564807474956}
{"bids": [[10809.2, 1.3781], [10808.71, 0.07324012], [10808.33, 20.3], [10807.7, 1.0], [10807.22, 2.0], [10805.44, 0.11803397], [10805.43, 2.0], [10805.21, 2.0], [10805.2, 0.19429369], [10192.47, 0.10061368]], "asks": [[10814.38, 0.04623474], [10818.89, 1.3708], [10824.47, 1.0], [10827.6, 0.5], [10829.46, 1.0]], "ts": 1564807474957}
{"bids": [[10809.2, 1.3781], [10808.71, 0.07324012], [10808.33, 20.3], [10807.7, 1.0], [10807.22, 2.0], [10805.44, 0.11803397], [10805.43, 2.0], [10805.21, 2.0], [10805.2, 0.19429369], [10192.47, 0.10061368]], "asks": [[10814.38, 0.04623474], [10818.89, 1.3708], [10824.47, 1.0], [10827.6, 0.5], [10829.46, 1.0]], "ts": 1564807474957}
{"bids": [[10809.2, 1.3781], [10808.71, 0.07324012], [10808.33, 20.3], [10807.7, 1.0], [10807.22, 2.0], [10805.44, 0.11803397], [10805.43, 2.0], [10805.21, 2.0], [10805.2, 0.19429369], [10192.47, 0.10061368]], "asks": [[10814.38, 0.04623474], [10818.89, 1.3708], [10822.52, 1.0], [10824.47, 1.0], [10827.6, 0.5], [10829.46, 1.0]], "ts": 1564807474958}
{"bids": [[10809.2, 1.3781], [10808.71, 0.07324012], [10808.33, 20.3], [10807.7, 1.0], [10807.22, 2.0], [10805.44, 0.11803397], [10805.43, 2.0], [10805.21, 2.0], [10805.2, 0.19429369], [10192.47, 0.10061368]], "asks": [[10814.38, 0.04623474], [10818.89, 1.3708], [10822.52, 1.0], [10824.47, 1.0], [10827.6, 0.5], [10829.46, 1.0]], "ts": 1564807474958}
{"bids": [[10809.2, 1.3781], [10808.71, 0.07324012], [10808.33, 20.3], [10807.7, 1.0], [10807.22, 2.0], [10805.44, 0.11803397], [10805.43, 2.0], [10805.21, 2.0], [10805.2, 0.19429369], [10192.47, 0.10061368]], "asks": [[10814.38, 0.04623474], [10818.89, 1.3708], [10822.52, 1.0], [10824.46, 0.30901698], [10824.47, 1.0], [10827.6, 0.5], [10829.46, 1.0]], "ts": 1564807474959}
{"bids": [[10809.2, 1.3781], [10808.71, 0.07324012], [10808.33, 20.3], [10807.7, 1.0], [10807.22, 2.0], [10805.44, 0.11803397], [10805.43, 2.0], [10805.21, 2.0], [10805.2, 0.19429369], [10192.47, 0.10061368]], "asks": [[10814.38, 0.04623474], [10818.89, 1.3708], [10822.52, 1.0], [10824.46, 0.30901698], [10824.47, 1.0], [10827.6, 0.5], [10829.46, 1.0]], "ts": 1564807474959}
{"bids": [[10809.2, 1.3781], [10808.71, 0.07324012], [10808.33, 20.3], [10807.7, 1.0], [10807.22, 2.0], [10805.44, 0.11803397], [10805.43, 2.0], [10805.21, 2.0], [10805.2, 0.19429369], [10192.47, 0.05030684]], "asks": [[10814.38, 0.04623474], [10818.89, 1.3708], [10822.52, 1.0], [10824.46, 0.30901698], [10824.47, 1.0], [10827.6, 0.5], [10829.46, 1.0]], "ts": 1564807474960}
{"bids": [[10809.2, 1.3781], [10808.71, 0.07324012], [10808.33, 20.3], [10807.7, 1.0], [10807.22, 2.0], [10805.44, 0.11803397], [10805.43, 2.0], [10805.21, 2.0], [10805.2, 0.19429369]], "asks": [[10814.38, 0.04623474], [10818.89, 1.3708], [10822.52, 1.0], [10824.46, 0.30901698], [10824.47, 1.0], [10827.6, 0.5], [10829.46, 1.0]], "ts": 1564807474960}
{"bids": [[10809.2, 1.3781], [10808.71, 0.07324012], [10808.33, 20.3], [10807.7, 1.0], [10807.22, 2.0], [10805.44, 0.11803397], [10805.43, 2.0], [10805.21, 2.0], [10805.2, 0.19429369], [10191.98, 0.15079018]], "asks": [[10814.38, 0.04623474], [10818.89, 1.3708], [10822.52, 1.0], [10824.46, 0.30901698], [10824.47, 1.0], [10827.6, 0.5], [10829.46, 1.0]], "ts": 1564807474961}
{"bids": [[10809.2, 1.3781], [10808.71, 0.07324012], [10808.33, 20.3], [10807.7, 1.0], [10807.22, 2.0], [10805.44, 0.11803397], [10805.43, 2.0], [10805.21, 2.0], [10805.2, 0.19429369], [10191.98, 0.15079018]], "asks": [[10814.38, 0.04623474], [10818.89, 1.3708], [10822.52, 1.0], [10824.46, 0.30901698], [10824.47, 1.0], [10827.6, 0.5], [10829.46, 1.0]], "ts": 1564807474962}
{"bids": [[10809.2, 1.3781], [10808.71, 0.07324012], [10808.33, 20.3], [10807.7, 1.0], [10807.22, 2.0], [10805.44, 0.11803397], [10805.43, 2.0], [10805.21, 2.0], [10805.2, 0.19429369], [10191.98, 0.15079018]], "asks": [[10814.38, 0.04623474], [10818.89, 1.3708], [10822.52, 1.0], [10824.46, 0.30901698], [10824.47, 1.0], [10827.6, 0.5], [10829.46, 1.0]], "ts": 1564807474962}
{"bids": [[10809.2, 1.3781], [10808.71, 0.07324012], [10808.33, 20.3], [10807.7, 1.0], [10807.22, 2.0], [10805.44, 0.11803397], [10805.43, 2.0], [10805.21, 2.0], [10805.2, 0.19429369], [10192.33, 0.00090997]], "asks": [[10814.38, 0.04623474], [10818.89, 1.3708], [10822.52, 1.0], [10824.46, 0.30901698], [10824.47, 1.0], [10827.6, 0.5], [10829.46, 1.0]], "ts": 1564807474963}
{"bids": [[10809.2, 1.3781], [10808.71, 0.07324012], [10808.33, 20.3], [10807.7, 1.0], [10807.22, 2.0], [10805.44, 0.11803397], [10805.43, 2.0], [10805.21, 2.0], [10805.2, 0.19429369], [10192.33, 0.00090997]], "asks": [[10814.38, 0.04623474], [10818.89, 1.3708], [10822.52, 1.0], [10824.46, 0.30901698], [10824.47, 1.0], [10827.6, 0.5], [10829.46, 1.0]], "ts": 1564807474963}
{"bids": [[10809.2, 1.3781], [10808.71, 0.07324012], [10808.33, 20.3], [10807.7, 1.0], [10807.22, 2.0], [10805.44, 0.11803397], [10805.43, 2.0], [10805.21, 2.0], [10805.2, 0.19429369], [10192.33, 0.00090997]], "asks": [[10814.38, 0.04623474], [10818.89, 1.3708], [10822.52, 1.0], [10824.46, 0.30901698], [10824.47, 1.0], [10827.6, 0.5], [10829.46, 1.0]], "ts": 1564807474964}
{"bids": [[10809.2, 1.3781], [10808.71, 0.07324012], [10808.33, 20.3], [10807.7, 1.0], [10807.22, 2.0], [10805.44, 0.11803397], [10805.43, 2.0], [10805.21, 2.0], [10805.2, 0.19429369], [10192.33, 0.00090997]], "asks": [[10814.38, 0.04623474], [10818.89, 1.3708], [10822.52, 1.0], [10824.46, 0.30901698], [10824.47, 1.0], [10827.6, 0.5], [10829.46, 1.0]], "ts": 1564807474964}
{"bids": [[10809.2, 1.3781], [10808.71, 0.07324012], [10808.33, 20.3], [10807.7, 1.0], [10807.22, 2.0], [10805.44, 0.11803397], [10805.43, 2.0], [10805.21, 2.0], [10805.2, 0.19429369], [10505.0, 4e-05]], "asks": [[10814.38, 0.04623474], [10818.89, 1.3708], [10822.52, 1.0], [10824.46, 0.30901698], [10824.47, 1.0], [10827.6, 0.5], [10829.46, 1.0]], "ts": 1564807474965}
{"bids": [[10809.2, 1.3781], [10808.71, 0.07324012], [10808.33, 20.3], [10807.7, 1.0], [10807.22, 2.0], [10805.44, 0.11803397], [10805.43, 2.0], [10805.21, 2.0], [10805.2, 0.19429369], [10505.0, 4e-05]], "asks": [[10814.38, 0.04623474], [10818.89, 1.3708], [10822.52, 1.0], [10824.46, 0.30901698], [10824.47, 1.0], [10827.6, 0.5], [10829.46, 1.0]], "ts": 1564807474965}
{"bids": [[10809.2, 1.3781], [10808.71, 0.07324012], [10808.33, 20.3], [10807.7, 1.0], [10807.22, 2.0], [10805.44, 0.11803397], [10805.43, 2.0], [10805.21, 2.0], [10805.2, 0.19429369], [10505.0, 4e-05]], "asks": [[10814.38, 0.04623474], [10818.89, 1.3708], [10822.52, 1.0], [10824.46, 0.30901698], [10824.47, 1.0], [10827.6, 0.5], [10829.46, 1.0], [10832.04, 1.0]], "ts": 1564807474966}
{"bids": [[10809.2, 1.3781], [10808.71, 0.07324012], [10808.33, 20.3], [10807.7, 1.0], [10807.22, 2.0], [10805.44, 0.11803397], [10805.43, 2.0], [10805.21, 2.0], [10805.2, 0.19429369], [10505.0, 4e-05]], "asks": [[10814.38, 0.04623474], [10818.89, 1.3708], [10822.52, 1.0], [10824.46, 0.30901698], [10824.47, 1.0], [10827.6, 0.5], [10829.46, 1.0], [10832.04, 1.0]], "ts": 1564807474966}
{"bids": [[10809.2, 1.3781], [10808.71, 0.07324012], [10808.33, 20.3], [10807.7, 1.0], [10807.22, 2.0], [10805.44, 0.11803397], [10805.43, 2.0], [10805.21, 2.0], [10805.2, 0.19429369], [10505.0, 4e-05]], "asks": [[10814.38, 0.04623474], [10818.89, 1.3708], [10822.52, 1.0], [10824.46, 0.30901698], [10824.47, 1.0], [10827.6, 0.5], [10829.46, 1.0], [10832.04, 1.0]], "ts": 1564807474967}
{"bids": [[10809.2, 1.3781], [10808.71, 0.07324012], [10808.33, 20.3], [10807.7, 1.0], [10807.22, 2.0], [10805.44, 0.11803397], [10805.43, 2.0], [10805.21, 2.0], [10805.2, 0.19429369], [10505.0, 4e-05]], "asks": [[10814.38, 0.04623474], [10818.89, 1.3708], [10822.52, 1.0], [10824.46, 0.30901698], [10824.47, 1.0], [10827.6, 0.5], [10829.46, 1.0], [10832.04, 1.0]], "ts": 1564807474967}
{"bids": [[10809.2, 1.3781], [10808.71, 0.07324012], [10808.33, 20.3], [10807.7, 1.0], [10807.22, 2.0], [10805.44, 0.11803397], [10805.43, 2.0], [10805.21, 2.0], [10805.2, 0.19429369], [10505.0, 4e-05]], "asks": [[10814.38, 0.04623474], [10818.89, 1.3708], [10822.52, 1.0], [10824.46, 0.30901698], [10824.47, 1.0], [10827.6, 0.5], [10829.46, 1.0], [10832.04, 1.0]], "ts": 1564807474968}
{"bids": [[10809.2, 1.3781], [10808.71, 0.07324012], [10808.33, 20.3], [10807.7, 1.0], [10807.22, 2.0], [10805.44, 0.11803397], [10805.43, 2.0], [10805.21, 2.0], [10805.2, 0.19429369], [10505.0, 4e-05]], "asks": [[10814.38, 0.04623474], [10818.89, 1.3708], [10822.52, 1.0], [10824.46, 0.30901698], [10824.47, 1.0], [10827.6, 0.5], [10829.46, 1.0], [10832.04, 1.0]], "ts": 1564807474969}
{"bids": [[10809.2, 1.3781], [10808.71, 0.07324012], [10808.33, 20.3], [10807.7, 1.0], [10807.22, 2.0], [10805.44, 0.11803397], [10805.43, 2.0], [10805.21, 2.0], [10805.2, 0.19429369], [10505.0, 4e-05]], "asks": [[10814.38, 0.04623474], [10818.89, 1.3708], [10822.52, 1.0], [10824.46, 0.30901698], [10824.47, 1.0], [10827.6, 0.5], [10829.46, 1.0], [10832.04, 1.0]], "ts": 1564807474969}
{"bids": [[10809.2, 1.3781], [10808.71, 0.07324012], [10808.33, 20.3], [10807.7, 1.0], [10807.22, 2.0], [10805.44, 0.11803397], [10805.43, 2.0], [10805.21, 2.0], [10805.2, 0.19429369], [10505.0, 4e-05]], "asks": [[10814.38, 0.04623474], [10818.89, 1.3708], [10822.52, 1.0], [10824.46, 0.30901698], [10824.47, 1.0], [10827.6, 0.5], [10829.46, 1.0], [10832.04, 1.0]], "ts": 1564807474970}
{"bids": [[10809.2, 1.3781], [10808.71, 0.07324012], [10808.33, 20.3], [10807.7, 1.0], [10807.22, 2.0], [10805.43, 2.0], [10805.21, 2.0], [10805.2, 0.19429369], [10505.0, 4e-05]], "asks": [[10814.38, 0.04623474], [10818.89, 1.3708], [10822.52, 1.0], [10824.46, 0.30901698], [10824.47, 1.0], [10827.6, 0.5], [10829.46, 1.0], [10832.04, 1.0]], "ts": 1564807474970}
{"bids": [[10809.2, 1.3781], [10808.71, 0.07324012], [10808.33, 20.3], [10807.7, 1.0], [10807.22, 2.0], [10805.43, 2.0], [10805.21, 2.0], [10805.2, 0.19429369], [10505.0, 4e-05], [10192.04, 0.05026932]], "asks": [[10814.38, 0.04623474], [10818.89, 1.3708], [10822.52, 1.0], [10824.46, 0.30901698], [10824.47, 1.0], [10827.6, 0.5], [10829.46, 1.0], [10832.04, 1.0]], "ts": 1564807474971}
{"bids": [[10809.2, 1.3781], [10808.71, 0.07324012], [10808.33, 20.3], [10807.7, 1.0], [10807.22, 2.0], [10805.43, 2.0], [10805.21, 2.0], [10805.2, 0.19429369], [10505.0, 4e-05], [10192.04, 0.05026932]], "asks": [[10814.38, 0.04623474], [10818.89, 1.3708], [10822.52, 1.0], [10824.46, 0.30901698], [10824.47, 1.0], [10827.6, 0.5], [10829.46, 1.0], [10832.04, 1.0]], "ts": 1564807474971}
{"bids": [[10809.2, 1.3781], [10808.71, 0.07324012], [10808.33, 20.3], [10807.7, 1.0], [10807.22, 2.0], [10805.43, 2.0], [10805.21, 2.0], [10805.2, 0.19429369], [10505.0, 4e-05], [10192.04, 0.05026932]], "asks": [[10814.38, 0.04623474], [10818.89, 1.3708], [10822.52, 1.0], [10824.46, 0.30901698], [10824.47, 1.0], [10827.6, 0.5], [10829.46, 1.0], [10832.04, 1.0]], "ts": 1564807474972}
{"bids": [[10809.2, 1.3781], [10808.71, 0.07324012], [10807.7, 1.0], [10807.22, 2.0], [10805.43, 2.0], [10805.21, 2.0], [10805.2, 0.19429369], [10505.0, 4e-05], [10192.04, 0.05026932]], "asks": [[10814.38, 0.04623474], [10818.89, 1.3708], [10822.52, 1.0], [10824.46, 0.30901698], [10824.47, 1.0], [10827.6, 0.5], [10829.46, 1.0], [10832.04, 1.0]], "ts": 1564807474972}
{"bids": [[10809.2, 1.3781], [10808.71, 0.07324012], [10807.7, 1.0], [10807.22, 2.0], [10805.43, 2.0], [10805.21, 2.0], [10805.2, 0.19429369], [10505.0, 4e-05], [10192.04, 0.05026932]], "asks": [[10814.38, 0.04623474], [10818.88, 2.0], [10818.89, 1.3708], [10822.52, 1.0], [10824.46, 0.30901698], [10824.47, 1.0], [10827.6, 0.5], [10829.46, 1.0], [10832.04, 1.0]], "ts": 1564807474973}
{"bids": [[10809.2, 1.3781], [10808.71, 0.07324012], [10807.7, 1.0], [10807.22, 2.0], [10805.43, 2.0], [10805.21, 2.0], [10805.2, 0.19429369], [10505.0, 4e-05], [10192.04, 0.05026932]], "asks": [[10814.38, 0.04623474], [10818.88, 2.0], [10818.89, 1.44403808], [10822.52, 1.0], [10824.46, 0.30901698], [10824.47, 1.0], [10827.6, 0.5], [10829.46, 1.0], [10832.04, 1.0]], "ts": 1564807474973}
{"bids": [[10809.2, 1.3781], [10807.7, 1.0], [10807.22, 2.0], [10805.43, 2.0], [10805.21, 2.0], [10805.2, 0.19429369], [10505.0, 4e-05], [10192.04, 0.05026932]], "asks": [[10814.38, 0.04623474], [10818.88, 2.0], [10818.89, 1.44403808], [10822.52, 1.0], [10824.46, 0.30901698], [10824.47, 1.0], [10827.6, 0.5], [10829.46, 1.0], [10832.04, 1.0]], "ts": 1564807474974}
{"bids": [[10809.2, 1.3781], [10807.7, 1.0], [10807.22, 2.0], [10805.43, 2.0], [10805.21, 2.0], [10805.2, 0.19429369], [10505.0, 4e-05]], "asks": [[10814.38, 0.04623474], [10818.88, 2.0], [10818.89, 1.44403808], [10822.52, 1.0], [10824.46, 0.30901698], [10824.47, 1.0], [10827.6, 0.5], [10829.46, 1.0], [10832.04, 1.0]], "ts": 1564807474974}
{"bids": [[10809.2, 1.3781], [10807.7, 1.0], [10807.22, 2.0], [10805.43, 2.0], [10805.21, 2.0], [10805.2, 0.19429369], [10505.0, 4e-05]], "asks": [[10814.38, 0.04623474], [10818.88, 2.0], [10818.89, 1.44403808], [10822.52, 1.0], [10824.46, 0.30901698], [10824.47, 1.0], [10827.6, 0.5], [10829.46, 1.0], [10832.04, 1.0]], "ts": 1564807474975}
{"bids": [[10809.2, 1.3781], [10807.7, 1.0], [10807.22, 2.0], [10805.43, 2.0], [10805.21, 2.0], [10805.2, 0.19429369], [10505.0, 4e-05]], "asks": [[10814.38, 0.04623474], [10818.88, 2.0], [10818.89, 1.44403808], [10822.52, 1.0], [10824.46, 0.30901698], [10824.47, 1.0], [10827.6, 0.5], [10829.46, 1.0], [10832.04, 1.0]], "ts": 1564807474976}
{"bids": [[10809.2, 1.3781], [10808.34, 0.072949], [10807.7, 1.0], [10807.22, 2.0], [10805.43, 2.0], [10805.21, 2.0], [10805.2, 0.19429369], [10505.0, 4e-05]], "asks": [[10814.38, 0.04623474], [10818.88, 2.0], [10818.89, 1.44403808], [10822.52, 1.0], [10824.46, 0.30901698], [10824.47, 1.0], [10827.6, 0.5], [10829.46, 1.0], [10832.04, 1.0]], "ts": 1564807474976}
{"bids": [[10809.2, 1.3781], [10808.34, 0.072949], [10807.7, 1.0], [10807.22, 2.0], [10805.43, 2.0], [10805.21, 2.0], [10805.2, 0.19429369], [10505.0, 4e-05]], "asks": [[10814.38, 0.04623474], [10818.88, 2.0], [10818.89, 1.44403808], [10822.52, 1.0], [10824.46, 0.30901698], [10824.47, 1.0], [10827.6, 0.5], [10829.46, 1.0], [10832.04, 1.0]], "ts": 1564807475018}
{"bids": [[10809.2, 1.3781], [10808.34, 0.072949], [10807.7, 1.0], [10807.22, 2.0], [10805.43, 2.0], [10805.21, 2.0], [10805.2, 0.19429369], [10505.0, 4e-05]], "asks": [[10814.38, 0.04623474], [10818.88, 2.0], [10818.89, 1.44403808], [10822.52, 1.0], [10824.46, 0.30901698], [10824.47, 1.0], [10827.6, 0.5], [10829.46, 1.0], [10832.04, 1.0]], "ts": 1564807475166}
{"bids": [[10809.2, 1.3781], [10808.34, 0.072949], [10807.7, 1.0], [10807.22, 2.0], [10805.43, 2.0], [10805.21, 2.0], [10805.2, 0.19429369], [10505.0, 4e-05]], "asks": [[10814.38, 0.04623474], [10818.88, 2.0], [10818.89, 1.44403808], [10822.52, 1.0], [10824.46, 0.30901698], [10824.47, 1.0], [10827.6, 0.5], [10829.46, 1.0], [10832.04, 1.0], [10890.0, 0.06]], "ts": 1564807475288}
{"bids": [[10808.34, 0.072949], [10807.7, 1.0], [10807.22, 2.0], [10805.43, 2.0], [10805.21, 2.0], [10805.2, 0.19429369], [10505.0, 4e-05]], "asks": [[10814.38, 0.04623474], [10818.88, 2.0], [10818.89, 1.44403808], [10822.52, 1.0], [10824.46, 0.30901698], [10824.47, 1.0], [10827.6, 0.5], [10829.46, 1.0], [10832.04, 1.0], [10890.0, 0.06]], "ts": 1564807476023}
{"bids": [[10808.34, 0.072949], [10807.7, 1.0], [10807.22, 2.0], [10805.43, 2.0], [10805.21, 2.0], [10805.2, 0.19429369], [10505.0, 4e-05]], "asks": [[10814.38, 0.04623474], [10818.75, 0.156], [10818.88, 2.0], [10818.89, 1.44403808], [10822.52, 1.0], [10824.46, 0.30901698], [10824.47, 1.0], [10827.6, 0.5], [10829.46, 1.0], [10832.04, 1.0]], "ts": 1564807476024}
{"bids": [[10808.34, 0.072949], [10808.2, 1.3724], [10807.7, 1.0], [10807.22, 2.0], [10805.43, 2.0], [10805.21, 2.0], [10805.2, 0.19429369], [10505.0, 4e-05]], "asks": [[10814.38, 0.04623474], [10818.75, 0.156], [10818.88, 2.0], [10818.89, 1.44403808], [10822.52, 1.0], [10824.46, 0.30901698], [10824.47, 1.0], [10827.6, 0.5], [10829.46, 1.0], [10832.04, 1.0]], "ts": 1564807476106}
{"bids": [[10808.34, 0.072949], [10808.2, 1.3724], [10807.7, 1.0], [10807.22, 2.0], [10805.43, 2.0], [10805.21, 2.0], [10805.2, 0.19429369], [10505.0, 4e-05]], "asks": [[10814.38, 0.04623474], [10818.75, 0.156], [10818.88, 2.0], [10818.89, 0.07323808], [10822.52, 1.0], [10824.46, 0.30901698], [10824.47, 1.0], [10827.6, 0.5], [10829.46, 1.0], [10832.04, 1.0]], "ts": 1564807476132}
{"bids": [[10808.34, 0.072949], [10808.2, 1.3724], [10807.7, 1.0], [10807.22, 2.0], [10805.43, 2.0], [10805.21, 2.0], [10805.2, 0.19429369], [10505.0, 4e-05]], "asks": [[10814.38, 0.04623474], [10818.38, 1.3747], [10818.75, 0.156], [10818.88, 2.0], [10818.89, 0.07323808], [10822.52, 1.0], [10824.46, 0.30901698], [10824.47, 1.0], [10827.6, 0.5], [10829.46, 1.0]], "ts": 1564807476156}
{"bids": [[10808.34, 0.072949], [10808.2, 1.3724], [10807.7, 1.0], [10807.22, 2.0], [10805.43, 2.0], [10805.21, 2.0], [10805.2, 0.19429369], [10505.0, 4e-05]], "asks": [[10814.38, 0.04623474], [10818.38, 1.3747], [10818.88, 2.0], [10818.89, 0.07323808], [10822.52, 1.0], [10824.46, 0.30901698], [10824.47, 1.0], [10827.6, 0.5], [10829.46, 1.0]], "ts": 1564807476179}
{"bids": [[10808.34, 0.072949], [10808.2, 1.3724], [10807.7, 1.0], [10807.22, 2.0], [10805.43, 2.0], [10805.21, 2.0], [10805.2, 0.19429369], [10505.0, 4e-05]], "asks": [[10814.38, 0.04623474], [10818.35, 0.148], [10818.38, 1.3747], [10818.88, 2.0], [10818.89, 0.07323808], [10822.52, 1.0], [10824.46, 0.30901698], [10824.47, 1.0], [10827.6, 0.5], [10829.46, 1.0]], "ts": 1564807476180}
{"bids": [[10808.34, 0.072949], [10808.2, 1.3724], [10807.7, 1.0], [10807.22, 2.0], [10805.43, 2.0], [10805.21, 2.0], [10805.2, 0.19429369], [10505.0, 4e-05]], "asks": [[10814.38, 0.04623474], [10818.38, 1.3747], [10818.88, 2.0], [10818.89, 0.07323808], [10822.52, 1.0], [10824.46, 0.30901698], [10824.47, 1.0], [10827.6, 0.5], [10829.46, 1.0]], "ts": 1564807476191}
{"bids": [[10808.34, 0.072949], [10808.2, 1.3724], [10807.7, 1.0], [10807.22, 2.0], [10805.43, 2.0], [10805.21, 2.0], [10805.2, 0.19429369], [10505.0, 4e-05]], "asks": [[10814.38, 0.04623474], [10818.35, 0.201], [10818.38, 1.3747], [10818.88, 2.0], [10818.89, 0.07323808], [10822.52, 1.0], [10824.46, 0.30901698], [10824.47, 1.0], [10827.6, 0.5], [10829.46, 1.0]], "ts": 1564807476238}
{"bids": [[10808.34, 0.072949], [10808.2, 1.3724], [10807.7, 1.0], [10807.22, 2.0], [10805.43, 2.0], [10805.21, 2.0], [10805.2, 0.19429369], [10505.0, 4e-05]], "asks": [[10814.38, 0.04623474], [10818.35, 0.201], [10818.38, 1.3747], [10818.88, 2.0], [10818.89, 0.07323808], [10822.52, 1.0], [10824.47, 1.0], [10827.6, 0.5], [10829.46, 1.0]], "ts": 1564807477189}
{"bids": [[10808.34, 0.072949], [10807.7, 1.0], [10807.22, 2.0], [10805.43, 2.0], [10805.21, 2.0], [10805.2, 0.19429369], [10505.0, 4e-05]], "asks": [[10814.38, 0.04623474], [10818.35, 0.201], [10818.38, 1.3747], [10818.88, 2.0], [10818.89, 0.07323808], [10822.52, 1.0], [10824.47, 1.0], [10827.6, 0.5], [10829.46, 1.0]], "ts": 1564807477285}
{"bids": [[10808.7, 1.3858], [10808.34, 0.072949], [10807.7, 1.0], [10807.22, 2.0], [10805.43, 2.0], [10805.21, 2.0], [10805.2, 0.19429369], [10505.0, 4e-05]], "asks": [[10814.38, 0.04623474], [10818.35, 0.201], [10818.38, 1.3747], [10818.88, 2.0], [10818.89, 0.07323808], [10822.52, 1.0], [10824.47, 1.0], [10827.6, 0.5], [10829.46, 1.0]], "ts": 1564807477306}
{"bids": [[10808.7, 1.3858], [10808.34, 0.072949], [10807.7, 1.0], [10807.22, 2.0], [10805.43, 2.0], [10805.21, 2.0], [10805.2, 0.19429369], [10505.0, 4e-05]], "asks": [[10814.38, 0.04623474], [10818.35, 0.201], [10818.38, 1.3747], [10818.88, 2.0], [10818.89, 0.07323808], [10822.51, 0.19098299], [10822.52, 1.0], [10824.47, 1.0], [10827.6, 0.5], [10829.46, 1.0]], "ts": 1564807477321}
{"bids": [[10808.7, 1.3858], [10808.34, 0.072949], [10807.7, 1.0], [10807.22, 2.0], [10805.43, 2.0], [10805.21, 2.0], [10805.2, 0.19429369], [10505.0, 4e-05]], "asks": [[10814.38, 0.04623474], [10818.38, 1.3747], [10818.88, 2.0], [10818.89, 0.07323808], [10822.51, 0.19098299], [10822.52, 1.0], [10824.47, 1.0], [10827.6, 0.5], [10829.46, 1.0]], "ts": 1564807477322}
{"bids": [[10808.7, 1.3858], [10808.34, 0.072949], [10807.7, 1.0], [10807.22, 2.0], [10805.43, 2.0], [10805.21, 2.0], [10805.2, 0.19429369], [10505.0, 4e-05]], "asks": [[10814.38, 0.04623474], [10818.88, 2.0], [10818.89, 0.07323808], [10822.51, 0.19098299], [10822.52, 1.0], [10824.47, 1.0], [10827.6, 0.5], [10829.46, 1.0]], "ts": 1564807477326}
{"bids": [[10808.7, 1.3858], [10808.34, 0.072949], [10807.7, 1.0], [10807.22, 2.0], [10805.43, 2.0], [10805.21, 2.0], [10805.2, 0.19429369], [10505.0, 4e-05]], "asks": [[10814.38, 0.04623474], [10817.88, 1.3829], [10818.88, 2.0], [10818.89, 0.07323808], [10822.51, 0.19098299], [10822.52, 1.0], [10824.47, 1.0], [10827.6, 0.5], [10829.46, 1.0]], "ts": 1564807477384}
{"bids": [[10808.7, 1.3858], [10808.34, 0.072949], [10807.7, 1.0], [10807.22, 2.0], [10805.43, 2.0], [10805.21, 2.0], [10805.2, 0.19429369], [10731.8, 0.4], [10505.0, 4e-05]], "asks": [[10814.38, 0.04623474], [10817.88, 1.3829], [10818.88, 2.0], [10818.89, 0.07323808], [10822.51, 0.19098299], [10822.52, 1.0], [10824.47, 1.0], [10827.6, 0.5], [10829.46, 1.0]], "ts": 1564807478480}
{"bids": [[10808.7, 1.3858], [10808.34, 0.072949], [10807.7, 1.0], [10807.22, 2.0], [10805.43, 2.0], [10805.21, 2.0], [10805.2, 0.19429369], [10731.8, 0.4], [10505.0, 4e-05]], "asks": [[10814.38, 0.04623474], [10817.88, 1.3829], [10818.88, 2.0], [10818.89, 0.07323808], [10822.51, 0.19098299], [10822.52, 1.0], [10824.47, 1.0], [10827.6, 0.5], [10829.46, 1.0]], "ts": 1564807481552}
{"bids": [[10808.7, 1.3858], [10808.34, 0.072949], [10807.7, 1.0], [10807.22, 2.0], [10805.43, 2.0], [10805.21, 2.0], [10805.2, 0.19429369], [10731.8, 0.4], [10505.0, 4e-05], [10207.16, 0.05044699]], "asks": [[10814.38, 0.04623474], [10817.88, 1.3829], [10818.88, 2.0], [10818.89, 0.07323808], [10822.51, 0.19098299], [10822.52, 1.0], [10824.47, 1.0], [10827.6, 0.5], [10829.46, 1.0]], "ts": 1564807482372}
{"bids": [[10808.7, 1.3858], [10808.34, 0.072949], [10807.7, 1.0], [10807.22, 2.0], [10805.43, 2.0], [10805.21, 2.0], [10805.2, 0.19429369], [10731.8, 0.4], [10505.0, 4e-05], [10207.16, 0.05044699]], "asks": [[10814.38, 0.04623474], [10817.88, 1.3829], [10818.88, 2.0], [10818.89, 0.07323808], [10822.51, 0.19098299], [10822.52, 1.0], [10824.47, 1.0], [10827.6, 0.5], [10829.46, 1.0]], "ts": 1564807482373}
{"bids": [[10808.7, 1.3858], [10808.34, 0.072949], [10807.7, 1.0], [10807.22, 2.0], [10805.43, 2.0], [10805.21, 2.0], [10805.2, 0.19429369], [10731.8, 0.4], [10505.0, 4e-05]], "asks": [[10814.38, 0.04623474], [10817.88, 1.3829], [10818.88, 2.0], [10818.89, 0.07323808], [10822.51, 0.19098299], [10822.52, 1.0], [10824.47, 1.0], [10827.6, 0.5], [10829.46, 1.0]], "ts": 1564807482395}
{"bids": [[10808.7, 1.3858], [10808.34, 0.072949], [10807.7, 1.0], [10807.22, 2.0], [10805.43, 2.0], [10805.21, 2.0], [10805.2, 0.19429369], [10731.8, 0.4], [10505.0, 4e-05]], "asks": [[10814.38, 0.04623474], [10817.88, 1.3829], [10818.88, 2.0], [10818.89, 0.07323808], [10822.51, 0.19098299], [10822.52, 1.0], [10824.47, 1.0], [10827.6, 0.5], [10829.46, 1.0]], "ts": 1564807482436}
{"bids": [[10808.7, 1.3858], [10808.34, 0.072949], [10807.7, 1.0], [10807.22, 2.0], [10805.43, 2.0], [10805.21, 2.0], [10805.2, 0.19429369], [10731.8, 0.4], [10505.0, 4e-05], [10192.4, 0.0503004]], "asks": [[10814.38, 0.04623474], [10817.88, 1.3829], [10818.88, 2.0], [10818.89, 0.07323808], [10822.51, 0.19098299], [10822.52, 1.0], [10824.47, 1.0], [10827.6, 0.5], [10829.46, 1.0]], "ts": 1564807482495}
{"bids": [[10808.7, 1.3858], [10808.34, 0.072949], [10807.7, 1.0], [10807.22, 2.0], [10805.43, 2.0], [10805.21, 2.0], [10805.2, 0.19429369], [10731.8, 0.4], [10505.0, 4e-05]], "asks": [[10814.38, 0.04623474], [10817.88, 1.3829], [10818.88, 2.0], [10818.89, 0.07323808], [10822.51, 0.19098299], [10822.52, 1.0], [10824.47, 1.0], [10827.6, 0.5], [10829.46, 1.0]], "ts": 1564807482615}
{"bids": [[10808.7, 1.3858], [10808.34, 0.072949], [10807.7, 1.0], [10807.22, 2.0], [10805.43, 2.0], [10805.21, 2.0], [10805.2, 0.19429369], [10731.8, 0.4], [10505.0, 4e-05], [10192.33, 0.0512041]], "asks": [[10814.38, 0.04623474], [10817.88, 1.3829], [10818.88, 2.0], [10818.89, 0.07323808], [10822.51, 0.19098299], [10822.52, 1.0], [10824.47, 1.0], [10827.6, 0.5], [10829.46, 1.0]], "ts": 1564807483136}
{"bids": [[10808.7, 1.3858], [10808.34, 0.072949], [10807.7, 1.0], [10807.22, 2.0], [10805.43, 2.0], [10805.21, 2.0], [10805.2, 0.19429369], [10731.8, 0.4], [10505.0, 4e-05], [10192.33, 0.10149823]], "asks": [[10814.38, 0.04623474], [10817.88, 1.3829], [10818.88, 2.0], [10818.89, 0.07323808], [10822.51, 0.19098299], [10822.52, 1.0], [10824.47, 1.0], [10827.6, 0.5], [10829.46, 1.0]], "ts": 1564807483136}
{"bids": [[10808.7, 1.3858], [10808.34, 0.072949], [10807.7, 1.0], [10807.22, 2.0], [10805.43, 2.0], [10805.21, 2.0], [10805.2, 0.19429369], [10731.8, 0.4], [10505.0, 4e-05], [10192.33, 0.0512041]], "asks": [[10814.38, 0.04623474], [10817.88, 1.3829], [10818.88, 2.0], [10818.89, 0.07323808], [10822.51, 0.19098299], [10822.52, 1.0], [10824.47, 1.0], [10827.6, 0.5], [10829.46, 1.0]], "ts": 1564807483453}
{"bids": [[10808.7, 1.3858], [10808.34, 0.072949], [10807.7, 1.0], [10807.22, 2.0], [10805.43, 2.0], [10805.21, 2.0], [10805.2, 0.19429369], [10731.8, 0.4], [10505.0, 4e-05], [10192.33, 0.00090997]], "asks": [[10814.38, 0.04623474], [10817.88, 1.3829], [10818.88, 2.0], [10818.89, 0.07323808], [10822.51, 0.19098299], [10822.52, 1.0], [10824.47, 1.0], [10827.6, 0.5], [10829.46, 1.0]], "ts": 1564807483454}
{"bids": [[10808.7, 1.3858], [10808.34, 0.072949], [10807.7, 1.0], [10807.22, 2.0], [10805.43, 2.0], [10805.21, 2.0], [10805.2, 0.19429369], [10731.8, 0.4], [10505.0, 4e-05], [10192.33, 0.00090997]], "asks": [[10814.38, 0.04623474], [10817.88, 1.3829], [10818.88, 2.0], [10818.89, 0.07323808], [10822.51, 0.19098299], [10822.52, 1.0], [10824.47, 1.0], [10827.6, 0.5], [10829.46, 1.0]], "ts": 1564807483457}
{"bids": [[10808.7, 1.3858], [10808.34, 0.072949], [10807.7, 1.0], [10807.22, 2.0], [10805.43, 2.0], [10805.21, 2.0], [10805.2, 0.19429369], [10731.8, 0.4], [10505.0, 4e-05], [10192.33, 0.00090997]], "asks": [[10814.38, 0.04623474], [10817.88, 1.3829], [10818.88, 2.0], [10818.89, 0.07323808], [10822.51, 0.19098299], [10822.52, 1.0], [10824.47, 1.0], [10827.6, 0.5], [10829.46, 1.0]], "ts": 1564807483458}
{"bids": [[10808.7, 1.3858], [10808.34, 0.072949], [10807.7, 1.0], [10807.22, 2.0], [10805.43, 2.0], [10805.21, 2.0], [10805.2, 0.19429369], [10731.8, 0.4], [10505.0, 4e-05], [10192.33, 0.00090997]], "asks": [[10814.38, 0.04623474], [10817.88, 1.3829], [10818.88, 2.0], [10818.89, 0.07323808], [10822.51, 0.19098299], [10822.52, 1.0], [10824.47, 1.0], [10827.6, 0.5], [10829.46, 1.0]], "ts": 1564807483458}
{"bids": [[10808.7, 1.3858], [10808.34, 0.072949], [10807.7, 1.0], [10807.22, 2.0], [10805.43, 2.0], [10805.21, 2.0], [10805.2, 0.19429369], [10731.8, 0.4], [10505.0, 4e-05], [10192.35, 0.05029581]], "asks": [[10814.38, 0.04623474], [10817.88, 1.3829], [10818.88, 2.0], [10818.89, 0.07323808], [10822.51, 0.19098299], [10822.52, 1.0], [10824.47, 1.0], [10827.6, 0.5], [10829.46, 1.0]], "ts": 1564807483459}
{"bids": [[10808.7, 1.3858], [10808.34, 0.072949], [10807.7, 1.0], [10807.22, 2.0], [10805.43, 2.0], [10805.21, 2.0], [10805.2, 0.19429369], [10731.8, 0.4], [10505.0, 4e-05], [10192.35, 0.05029581]], "asks": [[10814.38, 0.04623474], [10817.88, 1.3829], [10818.88, 2.0], [10818.89, 0.07323808], [10822.51, 0.19098299], [10822.52, 1.0], [10824.47, 1.0], [10827.6, 0.5], [10829.46, 1.0]], "ts": 1564807483460}
{"bids": [[10808.7, 1.3858], [10808.34, 0.072949], [10807.7, 1.0], [10807.22, 2.0], [10805.43, 2.0], [10805.21, 2.0], [10805.2, 0.19429369], [10731.8, 0.4], [10505.0, 4e-05], [10192.35, 0.05029581]], "asks": [[10814.38, 0.04623474], [10817.88, 1.3829], [10818.88, 2.0], [10818.89, 0.07323808], [10822.51, 0.19098299], [10822.52, 1.0], [10824.47, 1.0], [10827.6, 0.5], [10829.46, 1.0]], "ts": 1564807483460}
{"bids": [[10808.7, 1.3858], [10808.34, 0.072949], [10807.7, 1.0], [10807.22, 2.0], [10805.43, 2.0], [10805.21, 2.0], [10805.2, 0.19429369], [10731.8, 0.4], [10505.0, 4e-05], [10192.35, 0.05029581]], "asks": [[10814.38, 0.04623474], [10817.88, 1.3829], [10818.88, 2.0], [10818.89, 0.07323808], [10822.51, 0.19098299], [10822.52, 1.0], [10824.47, 1.0], [10827.6, 0.5], [10829.46, 1.0]], "ts": 1564807483461}
{"bids": [[10808.7, 1.3858], [10808.34, 0.072949], [10807.7, 1.0], [10807.22, 2.0], [10805.43, 2.0], [10805.21, 2.0], [10805.2, 0.19429369], [10731.8, 0.4], [10505.0, 4e-05], [10192.35, 0.05029581]], "asks": [[10814.38, 0.04623474], [10817.88, 1.3829], [10818.88, 2.0], [10818.89, 0.07323808], [10822.51, 0.19098299], [10822.52, 1.0], [10824.47, 1.0], [10827.6, 0.5], [10829.46, 1.0]], "ts": 1564807483462}
{"bids": [[10808.7, 1.3858], [10808.34, 0.072949], [10807.7, 1.0], [10807.22, 2.0], [10805.43, 2.0], [10805.21, 2.0], [10805.2, 0.19429369], [10731.8, 0.4], [10505.0, 4e-05]], "asks": [[10814.38, 0.04623474], [10817.88, 1.3829], [10818.88, 2.0], [10818.89, 0.07323808], [10822.51, 0.19098299], [10822.52, 1.0], [10824.47, 1.0], [10827.6, 0.5], [10829.46, 1.0]], "ts": 1564807483462}
{"bids": [[10808.7, 1.3858], [10808.34, 0.072949], [10807.7, 1.0], [10807.22, 2.0], [10805.43, 2.0], [10805.21, 2.0], [10805.2, 0.19429369], [10731.8, 0.4], [10505.0, 4e-05], [10192.28, 0.05028963]], "asks": [[10814.38, 0.04623474], [10817.88, 1.3829], [10818.88, 2.0], [10818.89, 0.07323808], [10822.51, 0.19098299], [10822.52, 1.0], [10824.47, 1.0], [10827.6, 0.5], [10829.46, 1.0]], "ts": 1564807483463}
{"bids": [[10808.7, 1.3858], [10808.34, 0.072949], [10807.7, 1.0], [10807.22, 2.0], [10805.43, 2.0], [10805.21, 2.0], [10805.2, 0.19429369], [10731.8, 0.4], [10505.0, 4e-05], [10192.28, 0.05028963]], "asks": [[10814.38, 0.04623474], [10817.88, 1.3829], [10818.88, 2.0], [10818.89, 0.07323808], [10822.51, 0.19098299], [10822.52, 1.0], [10824.47, 1.0], [10827.6, 0.5], [10829.46, 1.0]], "ts": 1564807483464}
{"bids": [[10808.7, 1.3858], [10808.34, 0.072949], [10807.7, 1.0], [10807.22, 2.0], [10805.43, 2.0], [10805.21, 2.0], [10805.2, 0.19429369], [10731.8, 0.4], [10505.0, 4e-05], [10192.28, 0.05028963]], "asks": [[10814.38, 0.04623474], [10817.88, 1.3829], [10818.88, 2.0], [10818.89, 0.07323808], [10822.51, 0.19098299], [10822.52, 1.0], [10824.47, 1.0], [10827.6, 0.5], [10829.46, 1.0]], "ts": 1564807483465}
{"bids": [[10808.7, 1.3858], [10808.34, 0.072949], [10807.7, 1.0], [10807.22, 2.0], [10805.43, 2.0], [10805.21, 2.0], [10805.2, 0.19429369], [10731.8, 0.4], [10505.0, 4e-05]], "asks": [[10814.38, 0.04623474], [10817.88, 1.3829], [10818.88, 2.0], [10818.89, 0.07323808], [10822.51, 0.19098299], [10822.52, 1.0], [10824.47, 1.0], [10827.6, 0.5], [10829.46, 1.0]], "ts": 1564807483465}
{"bids": [[10808.7, 1.3858], [10808.34, 0.072949], [10807.7, 1.0], [10807.22, 2.0], [10805.43, 2.0], [10805.21, 2.0], [10805.2, 0.19429369], [10731.8, 0.4], [10505.0, 4e-05], [10192.27, 0.10057802]], "asks": [[10814.38, 0.04623474], [10817.88, 1.3829], [10818.88, 2.0], [10818.89, 0.07323808], [10822.51, 0.19098299], [10822.52, 1.0], [10824.47, 1.0], [10827.6, 0.5], [10829.46, 1.0]], "ts": 1564807483466}
{"bids": [[10808.7, 1.3858], [10808.34, 0.072949], [10807.7, 1.0], [10807.22, 2.0], [10805.43, 2.0], [10805.21, 2.0], [10805.2, 0.19429369], [10731.8, 0.4], [10505.0, 4e-05], [10192.27, 0.10057802]], "asks": [[10814.38, 0.04623474], [10817.88, 1.3829], [10818.88, 2.0], [10818.89, 0.07323808], [10822.51, 0.19098299], [10822.52, 1.0], [10824.47, 1.0], [10827.6, 0.5], [10829.46, 1.0]], "ts": 1564807483519}
{"bids": [[10808.7, 1.3858], [10808.34, 0.072949], [10807.7, 1.0], [10807.22, 2.0], [10805.43, 2.0], [10805.21, 2.0], [10805.2, 0.19429369], [10731.8, 0.4], [10505.0, 4e-05], [10192.27, 0.05028888]], "asks": [[10814.38, 0.04623474], [10817.88, 1.3829], [10818.88, 2.0], [10818.89, 0.07323808], [10822.51, 0.19098299], [10822.52, 1.0], [10824.47, 1.0], [10827.6, 0.5], [10829.46, 1.0]], "ts": 1564807483520}
{"bids": [[10808.7, 1.3858], [10808.34, 0.072949], [10807.7, 1.0], [10807.22, 2.0], [10805.43, 2.0], [10805.21, 2.0], [10805.2, 0.19429369], [10731.8, 0.4], [10505.0, 4e-05], [10192.27, 0.05028888]], "asks": [[10814.38, 0.04623474], [10817.88, 1.3829], [10818.88, 2.0], [10818.89, 0.07323808], [10822.51, 0.19098299], [10822.52, 1.0], [10824.47, 1.0], [10827.6, 0.5], [10829.46, 1.0]], "ts": 1564807483567}
{"bids": [[10808.7, 1.3858], [10808.34, 0.072949], [10807.7, 1.0], [10807.22, 2.0], [10805.43, 2.0], [10805.21, 2.0], [10805.2, 0.19429369], [10731.8, 0.4], [10505.0, 4e-05], [10192.27, 0.05028888]], "asks": [[10814.38, 0.04623474], [10817.88, 1.3829], [10818.88, 2.0], [10818.89, 0.07323808], [10822.51, 0.19098299], [10822.52, 1.0], [10824.47, 1.0], [10827.6, 0.5], [10829.46, 1.0]], "ts": 1564807483669}
{"bids": [[10808.7, 1.3858], [10808.34, 0.072949], [10807.7, 1.0], [10807.22, 2.0], [10805.43, 2.0], [10805.21, 2.0], [10805.2, 0.19429369], [10731.8, 0.4], [10505.0, 4e-05]], "asks": [[10814.38, 0.04623474], [10817.88, 1.3829], [10818.88, 2.0], [10818.89, 0.07323808], [10822.51, 0.19098299], [10822.52, 1.0], [10824.47, 1.0], [10827.6, 0.5], [10829.46, 1.0]], "ts": 1564807483670}
{"bids": [[10808.7, 1.3858], [10808.34, 0.072949], [10807.7, 1.0], [10807.22, 2.0], [10805.43, 2.0], [10805.21, 2.0], [10805.2, 0.19429369], [10731.8, 0.4], [10505.0, 4e-05], [10192.55, 0.05031346]], "asks": [[10814.38, 0.04623474], [10817.88, 1.3829], [10818.88, 2.0], [10818.89, 0.07323808], [10822.51, 0.19098299], [10822.52, 1.0], [10824.47, 1.0], [10827.6, 0.5], [10829.46, 1.0]], "ts": 1564807483712}
{"bids": [[10808.7, 1.3858], [10808.34, 0.072949], [10807.7, 1.0], [10807.22, 2.0], [10805.43, 2.0], [10805.21, 2.0], [10805.2, 0.19429369], [10731.8, 0.4], [10505.0, 4e-05], [10192.55, 0.05031346]], "asks": [[10814.38, 0.04623474], [10817.88, 1.3829], [10818.88, 2.0], [10818.89, 0.07323808], [10822.51, 0.19098299], [10822.52, 1.0], [10824.47, 1.0], [10827.6, 0.5], [10829.46, 1.0]], "ts": 1564807483734}
{"bids": [[10808.7, 1.3858], [10808.34, 0.072949], [10807.7, 1.0], [10807.22, 2.0], [10805.43, 2.0], [10805.21, 2.0], [10805.2, 0.19429369], [10731.8, 0.4], [10505.0, 4e-05], [10192.55, 0.05031346]], "asks": [[10814.38, 0.04623474], [10817.88, 1.3829], [10818.88, 2.0], [10818.89, 0.07323808], [10822.51, 0.19098299], [10822.52, 1.0], [10824.47, 1.0], [10827.6, 0.5], [10829.46, 1.0]], "ts": 1564807484222}
{"bids": [[10808.7, 1.3858], [10808.34, 0.072949], [10807.7, 1.0], [10807.22, 2.0], [10805.43, 2.0], [10805.21, 2.0], [10805.2, 0.19429369], [10731.8, 0.4], [10505.0, 4e-05], [10192.55, 0.05031346]], "asks": [[10814.38, 0.04623474], [10817.88, 1.3829], [10818.88, 2.0], [10818.89, 0.07323808], [10822.51, 0.19098299], [10822.52, 1.0], [10824.47, 1.0], [10827.6, 0.5], [10829.46, 1.0]], "ts": 1564807484223}
{"bids": [[10808.7, 1.3858], [10808.34, 0.072949], [10807.7, 1.0], [10807.22, 2.0], [10805.43, 2.0], [10805.21, 2.0], [10805.2, 0.19429369], [10731.8, 0.4], [10505.0, 4e-05], [10192.55, 0.05031346]], "asks": [[10814.38, 0.04623474], [10817.88, 1.3829], [10818.88, 2.0], [10818.89, 0.07323808], [10822.51, 0.19098299], [10822.52, 1.0], [10824.47, 1.0], [10827.6, 0.5], [10829.46, 1.0]], "ts": 1564807484226}
{"bids": [[10808.7, 1.3858], [10808.34, 0.072949], [10807.7, 1.0], [10807.22, 2.0], [10805.43, 2.0], [10805.21, 2.0], [10805.2, 0.19429369], [10731.8, 0.4], [10505.0, 4e-05], [10192.55, 0.05031346]], "asks": [[10814.38, 0.04623474], [10817.88, 1.3829], [10818.88, 2.0], [10818.89, 0.07323808], [10822.51, 0.19098299], [10822.52, 1.0], [10824.47, 1.0], [10827.6, 0.5], [10829.46, 1.0]], "ts": 1564807484226}
{"bids": [[10808.7, 1.3858], [10808.34, 0.072949], [10807.7, 1.0], [10807.22, 2.0], [10805.43, 2.0], [10805.21, 2.0], [10805.2, 0.19429369], [10731.8, 0.4], [10505.0, 4e-05]], "asks": [[10814.38, 0.04623474], [10817.88, 1.3829], [10818.88, 2.0], [10818.89, 0.07323808], [10822.51, 0.19098299], [10822.52, 1.0], [10824.47, 1.0], [10827.6, 0.5], [10829.46, 1.0]], "ts": 1564807484227}
{"bids": [[10808.7, 1.3858], [10808.34, 0.072949], [10807.7, 1.0], [10807.22, 2.0], [10805.43, 2.0], [10805.21, 2.0], [10805.2, 0.19429369], [10731.8, 0.4], [10505.0, 4e-05], [10192.47, 0.05030684]], "asks": [[10814.38, 0.04623474], [10817.88, 1.3829], [10818.88, 2.0], [10818.89, 0.07323808], [10822.51, 0.19098299], [10822.52, 1.0], [10824.47, 1.0], [10827.6, 0.5], [10829.46, 1.0]], "ts": 1564807484228}
{"bids": [[10808.7, 1.3858], [10808.34, 0.072949], [10807.7, 1.0], [10807.22, 2.0], [10805.43, 2.0], [10805.21, 2.0], [10805.2, 0.19429369], [10731.8, 0.4], [10505.0, 4e-05], [10192.47, 0.05030684]], "asks": [[10814.38, 0.04623474], [10817.88, 1.3829], [10818.88, 2.0], [10818.89, 0.07323808], [10822.51, 0.19098299], [10822.52, 1.0], [10824.47, 1.0], [10827.6, 0.5], [10829.46, 1.0]], "ts": 1564807484229}
{"bids": [[10808.7, 1.3858], [10808.34, 0.072949], [10807.7, 1.0], [10807.22, 2.0], [10805.43, 2.0], [10805.21, 2.0], [10805.2, 0.19429369], [10731.8, 0.4], [10505.0, 4e-05], [10192.47, 0.05030684]], "asks": [[10814.38, 0.04623474], [10817.88, 1.3829], [10818.88, 2.0], [10818.89, 0.07323808], [10822.51, 0.19098299], [10822.52, 1.0], [10824.47, 1.0], [10827.6, 0.5], [10829.46, 1.0]], "ts": 1564807484230}
{"bids": [[10808.7, 1.3858], [10808.34, 0.072949], [10807.7, 1.0], [10807.22, 2.0], [10805.43, 2.0], [10805.21, 2.0], [10805.2, 0.19429369], [10731.8, 0.4], [10505.0, 4e-05], [10192.47, 0.05030684]], "asks": [[10814.38, 0.04623474], [10817.88, 1.3829], [10818.88, 2.0], [10818.89, 0.07323808], [10822.51, 0.19098299], [10822.52, 1.0], [10824.47, 1.0], [10827.6, 0.5], [10829.46, 1.0]], "ts": 1564807484338}
{"bids": [[10808.7, 1.3858], [10808.34, 0.072949], [10807.7, 1.0], [10807.22, 2.0], [10805.43, 2.0], [10805.21, 2.0], [10805.2, 0.19429369], [10731.8, 0.4], [10505.0, 4e-05], [10192.47, 0.05030684]], "asks": [[10814.38, 0.04623474], [10817.88, 1.3829], [10818.88, 2.0], [10818.89, 0.07323808], [10822.51, 0.19098299], [10822.52, 1.0], [10824.47, 1.0], [10827.6, 0.5], [10829.46, 1.0], [10835.3, 0.75]], "ts": 1564807484339}
{"bids": [[10808.7, 1.3858], [10808.34, 0.072949], [10807.7, 1.0], [10807.22, 2.0], [10805.43, 2.0], [10805.21, 2.0], [10805.2, 0.19429369], [10731.8, 0.4], [10505.0, 4e-05], [10192.47, 0.05030684]], "asks": [[10814.38, 0.04623474], [10817.88, 1.3829], [10818.88, 2.0], [10818.89, 0.07323808], [10822.51, 0.19098299], [10822.52, 1.0], [10824.47, 1.0], [10827.6, 0.5], [10829.46, 1.0], [10835.3, 0.75]], "ts": 1564807484341}
{"bids": [[10808.7, 1.3858], [10808.34, 0.072949], [10807.7, 1.0], [10807.22, 2.0], [10805.43, 2.0], [10805.21, 2.0], [10805.2, 0.19429369], [10731.8, 0.4], [10505.0, 4e-05]], "asks": [[10814.38, 0.04623474], [10817.88, 1.3829], [10818.88, 2.0], [10818.89, 0.07323808], [10822.51, 0.19098299], [10822.52, 1.0], [10824.47, 1.0], [10827.6, 0.5], [10829.46, 1.0], [10835.3, 0.75]], "ts": 1564807484342}
{"bids": [[10808.7, 1.3858], [10808.34, 0.072949], [10807.7, 1.0], [10807.22, 2.0], [10805.43, 2.0], [10805.21, 2.0], [10805.2, 0.19429369], [10731.8, 0.4], [10505.0, 4e-05], [10192.13, 0.050277]], "asks": [[10814.38, 0.04623474], [10817.88, 1.3829], [10818.88, 2.0], [10818.89, 0.07323808], [10822.51, 0.19098299], [10822.52, 1.0], [10824.47, 1.0], [10827.6, 0.5], [10829.46, 1.0], [10835.3, 0.75]], "ts": 1564807484342}
{"bids": [[10808.7, 1.3858], [10808.34, 0.072949], [10807.7, 1.0], [10807.22, 2.0], [10805.43, 2.0], [10805.21, 2.0], [10805.2, 0.19429369], [10731.8, 0.4], [10505.0, 4e-05], [10192.13, 0.050277]], "asks": [[10814.38, 0.04623474], [10817.88, 1.3829], [10818.88, 2.0], [10818.89, 0.07323808], [10822.51, 0.19098299], [10822.52, 1.0], [10824.47, 1.0], [10827.6, 0.5], [10829.46, 1.0], [10835.3, 0.75]], "ts": 1564807484418}
{"bids": [[10808.7, 1.3858], [10808.34, 0.072949], [10807.7, 1.0], [10807.22, 2.0], [10805.43, 2.0], [10805.21, 2.0], [10805.2, 0.19429369], [10731.8, 0.4], [10505.0, 4e-05], [10192.13, 0.050277]], "asks": [[10814.38, 0.04623474], [10817.88, 1.3829], [10818.88, 2.0], [10818.89, 0.07323808], [10822.51, 0.19098299], [10822.52, 1.0], [10824.47, 1.0], [10827.6, 0.5], [10829.46, 1.0], [10835.3, 0.75]], "ts": 1564807484513}
{"bids": [[10808.7, 1.3858], [10808.34, 0.072949], [10807.7, 1.0], [10807.22, 2.0], [10805.43, 2.0], [10805.21, 2.0], [10805.2, 0.19429369], [10731.8, 0.4], [10505.0, 4e-05], [10192.13, 0.050277]], "asks": [[10814.38, 0.04623474], [10817.88, 1.3829], [10818.88, 2.0], [10818.89, 0.07323808], [10822.51, 0.19098299], [10822.52, 1.0], [10824.47, 1.0], [10827.6, 0.5], [10829.46, 1.0], [10835.3, 0.75]], "ts": 1564807484514}
{"bids": [[10808.7, 1.3858], [10808.34, 0.072949], [10807.7, 1.0], [10807.22, 2.0], [10805.43, 2.0], [10805.21, 2.0], [10805.2, 0.19429369], [10731.8, 0.4], [10505.0, 4e-05], [10192.26, 0.0502883]], "asks": [[10814.38, 0.04623474], [10817.88, 1.3829], [10818.88, 2.0], [10818.89, 0.07323808], [10822.51, 0.19098299], [10822.52, 1.0], [10824.47, 1.0], [10827.6, 0.5], [10829.46, 1.0], [10835.3, 0.75]], "ts": 1564807484555}
{"bids": [[10808.7, 1.3858], [10808.34, 0.072949], [10807.7, 1.0], [10807.22, 2.0], [10805.43, 2.0], [10805.21, 2.0], [10805.2, 0.19429369], [10731.8, 0.4], [10505.0, 4e-05], [10192.26, 0.0502883]], "asks": [[10814.38, 0.04623474], [10817.88, 1.3829], [10818.88, 2.0], [10818.89, 0.07323808], [10822.51, 0.19098299], [10822.52, 1.0], [10824.47, 1.0], [10827.6, 0.5], [10829.46, 1.0], [10835.3, 0.75]], "ts": 1564807484633}
{"bids": [[10808.7, 1.3858], [10808.34, 0.072949], [10807.7, 1.0], [10807.22, 2.0], [10805.43, 2.0], [10805.21, 2.0], [10805.2, 0.19429369], [10731.8, 0.4], [10505.0, 4e-05], [10192.26, 0.0502883]], "asks": [[10814.38, 0.04623474], [10817.88, 1.3829], [10818.88, 2.0], [10818.89, 0.07323808], [10822.51, 0.19098299], [10822.52, 1.0], [10824.47, 1.0], [10827.6, 0.5], [10829.46, 1.0], [10835.3, 0.75]], "ts": 1564807484634}
{"bids": [[10808.7, 1.3858], [10808.34, 0.072949], [10807.7, 1.0], [10807.22, 2.0], [10805.43, 2.0], [10805.21, 2.0], [10805.2, 0.19429369], [10731.8, 0.4], [10505.0, 4e-05], [10192.26, 0.0502883]], "asks": [[10814.38, 0.04623474], [10817.88, 1.3829], [10818.88, 2.0], [10818.89, 0.07323808], [10822.51, 0.19098299], [10822.52, 1.0], [10824.47, 1.0], [10827.6, 0.5], [10829.46, 1.0], [10835.3, 0.75]], "ts": 1564807484706}
{"bids": [[10808.7, 1.3858], [10808.34, 0.072949], [10807.7, 1.0], [10807.22, 2.0], [10805.43, 2.0], [10805.21, 2.0], [10805.2, 0.19429369], [10731.8, 0.4], [10505.0, 4e-05], [10192.26, 0.0502883]], "asks": [[10814.38, 0.04623474], [10817.88, 1.3829], [10818.88, 2.0], [10818.89, 0.07323808], [10822.51, 0.19098299], [10822.52, 1.0], [10824.47, 1.0], [10827.6, 0.5], [10829.46, 1.0], [10835.3, 0.75]], "ts": 1564807484728}
{"bids": [[10808.7, 1.3858], [10808.34, 0.072949], [10807.7, 1.0], [10807.22, 2.0], [10805.43, 2.0], [10805.21, 2.0], [10805.2, 0.19429369], [10731.8, 0.4], [10505.0, 4e-05], [10192.27, 0.05028888]], "asks": [[10814.38, 0.04623474], [10817.88, 1.3829], [10818.88, 2.0], [10818.89, 0.07323808], [10822.51, 0.19098299], [10822.52, 1.0], [10824.47, 1.0], [10827.6, 0.5], [10829.46, 1.0], [10835.3, 0.75]], "ts": 1564807484729}
{"bids": [[10808.7, 1.3858], [10808.34, 0.072949], [10807.7, 1.0], [10807.22, 2.0], [10805.43, 2.0], [10805.21, 2.0], [10805.2, 0.19429369], [10731.8, 0.4], [10505.0, 4e-05], [10192.27, 0.05028888]], "asks": [[10814.38, 0.04623474], [10817.88, 1.3829], [10818.88, 2.0], [10818.89, 0.07323808], [10822.51, 0.19098299], [10822.52, 1.0], [10824.47, 1.0], [10827.6, 0.5], [10829.46, 1.0], [10835.3, 0.75]], "ts": 1564807484805}
{"bids": [[10808.7, 1.3858], [10808.34, 0.072949], [10807.7, 1.0], [10807.22, 2.0], [10805.43, 2.0], [10805.21, 2.0], [10805.2, 0.19429369], [10731.8, 0.4], [10505.0, 4e-05], [10192.27, 0.05028888]], "asks": [[10814.38, 0.04623474], [10817.88, 1.3829], [10818.88, 2.0], [10818.89, 0.07323808], [10822.51, 0.19098299], [10822.52, 1.0], [10824.47, 1.0], [10827.6, 0.5], [10829.46, 1.0], [10835.3, 0.75]], "ts": 1564807484848}
{"bids": [[10808.7, 1.3858], [10808.34, 0.072949], [10807.7, 1.0], [10807.22, 2.0], [10805.43, 2.0], [10805.21, 2.0], [10805.2, 0.19429369], [10731.8, 0.4], [10505.0, 4e-05]], "asks": [[10814.38, 0.04623474], [10817.88, 1.3829], [10818.88, 2.0], [10818.89, 0.07323808], [10822.51, 0.19098299], [10822.52, 1.0], [10824.47, 1.0], [10827.6, 0.5], [10829.46, 1.0], [10835.3, 0.75]], "ts": 1564807484907}
{"bids": [[10808.7, 1.3858], [10808.34, 0.072949], [10807.7, 1.0], [10807.22, 2.0], [10805.43, 2.0], [10805.21, 2.0], [10805.2, 0.19429369], [10731.8, 0.4], [10505.0, 4e-05]], "asks": [[10814.38, 0.04623474], [10817.88, 1.3829], [10818.88, 2.0], [10818.89, 0.07323808], [10822.51, 0.19098299], [10822.52, 1.0], [10824.47, 1.0], [10827.6, 0.5], [10829.46, 1.0], [10835.3, 0.75]], "ts": 1564807484921}
